3800 5474
495 397 560 453 LIB.
577 397 596 454 l.
626 397 673 452 DE
690 399 817 458 Ponrrs
832 401 1059 461 CHRISTIANIS
1075 398 1237 456 GRAECIS.
1474 393 1590 452 XXXIII

140 546 191 610 his
214 543 450 630 antiquissumis
472 542 659 610 auctoribus
681 551 897 636 tropariornm
912 547 1124 612 adnumerare
1146 545 1252 611 liceat.
1290 541 1479 608 Anatolium
1496 542 1591 628 enim,

141 647 235 711 ouius
263 643 366 711 multa
393 655 425 709 et
453 646 585 730 egregia
612 651 756 732 troparia
784 660 849 716 tam
878 653 912 714 in
940 649 1041 714 libros
1070 650 1242 716 canonicos
1272 646 1428 710 ccclesiae
1456 666 1594 729 graecae

141 769 238 836 quarn
261 749 296 812 in
318 746 402 811 hane
423 745 644 832 anthologiam
666 761 798 840 recepta
821 760 912 835 sunt,
940 751 1023 817 falso
1052 750 1270 838 patriarcham
1294 745 1592 834 Constantinopoli·

141 861 227 916 nnm'
241 839 361 914 saeculi
384 849 489 934 quinti
512 848 578 914 dici
602 850 688 916 infra
709 851 1021 936 demonstrabimus,
1045 863 1077 917 et
1099 852 1288 941 Syeeotam,
1318 851 1372 938 qui
1396 847 1490 936 plura
1511 849 1593 913 idio-

140 952 225 1016 mela
250 952 297 1016 15.
322 951 392 1015 Ian.
415 951 444 1015 5.
468 950 566 1016 Febr.
588 953 618 1018 6.
635 953 732 1020 Mart.
756 957 977 1043 composuisse
999 955 1136 1038 dicitur,
1161 975 1202 1018 ne
1224 975 1295 1016 cum
1320 953 1512 1037 cognomine
1534 949 1593 1036 sy-

141 1063 243 1136 ccota,
268 1054 421 1139 episcopo
438 1052 759 1141 Anastasiopolitano
776 1057 875 1141 (conf.
889 1059 1064 1138 (υναξάρια
1085 1055 1138 1120 22.
1151 1057 1284 1138 Ἀπριλ.)
1307 1052 1499 1135 confundas,
1522 1073 1593 1138 gra-

142 1155 313 1220 vissimum
328 1162 555 1239 argumentum
580 1157 748 1244 prohibet,
771 1181 844 1223 nam
868 1159 1045 1225 idiomelon
1067 1156 1134 1222 diei
1157 1159 1243 1223 sexti
1265 1156 1383 1220 Martis
1405 1155 1593 1219 memoriam

143 1255 256 1343 oppidi
279 1256 407 1322 Amorii
429 1258 472 1322 ab
494 1259 656 1342 Agarenis
679 1262 740 1325 sub
762 1263 957 1348 Imperatore
979 1259 1160 1347 Theophilo
1183 1259 1271 1346 capti
1294 1265 1477 1322 conservat.
1521 1257 1595 1321 Hoc

143 1378 272 1444 quoque
295 1357 431 1422 dubium
455 1368 521 1441 est,
543 1381 621 1424 num
643 1361 844 1448 praeclarum
867 1363 1033 1449 troparion
1056 1361 1226 1448 Symeonis
1250 1361 1317 1445 (25.
1334 1359 1466 1442 Octob.)

408 1461 472 1539 Τῆε
493 1464 551 1540 γῆι
573 1466 867 1546 (υνταραιιομένηε
888 1469 935 1550 τῷ
958 1468 1013 1544 τῆς
1036 1463 1134 1544 ὀργῆ(
1157 1485 1213 1529 tou
1237 1463 1334 1550 φόβῳ

409 1565 522 1644 βουνοὶ
543 1567 594 1629 καὶ
616 1567 656 1631 τὰ
678 1564 738 1646 ὄρη
760 1566 968 1645 ιιιειείονται,
991 1566 1094 1646 κύριε·

410 1664 487 1730 ἀλλ’
511 1665 741 1746 εὐιπλαγχνίαε
763 1667 878 1749 ὄμματι
900 1669 956 1749 ἐφ’
981 1670 1060 1748 ἡμᾶς
1083 1669 1259 1748 ἐπιβλέψαι

409 1769 450 1847 μὴ
473 1773 520 1853 τῷ
542 1774 632 1853 θυμῷ
654 1790 711 1834 con
734 1769 881 1854 ὀργιιθῇ(
903 1771 987 1851 ἡμῖν.

410 1867 494 1935 ἀλλὰ
515 1871 752 1950 calamecca
776 1871 829 1937 ἐπὶ
849 1872 888 1937 τὸ
910 1872 1037 1952 aldene
1057 1879 1123 1939 τῶν
1146 1877 1263 1953 χειρῶν
1285 1891 1343 1937 rou

409 1973 464 2050 τῆ(
486 1975 631 2052 coneptu
651 1973 730 2052 hnic
752 1975 812 2038 τοῦ
834 1975 960 2055 serenet
982 1974 1115 2053 ἀπειλῆς
1138 1975 1356 2053 {reversuros

549 2073 594 2139 ὼε
616 2060 737 2151 dictor
759 2077 809 2140 rol
830 2075 1072 2157 φιλάνθρωποι.

142 2171 185 2238 ab
201 2171 364 2261 Symeone
379 2173 659 2258 Thaumastorita,
683 2197 777 2262 quem
794 2176 855 2241 sub
870 2175 968 2241 finem
991 2177 1076 2241 sexti
1100 2175 1220 2242 sacculi
1243 2174 1472 2258 duodeviginti
1493 2196 1595 2239 annos

140 2277 176 2340 in
198 2297 325 2340 summa
347 2274 495 2341 columna
523 2277 653 2342 stetisse
681 2286 815 2342 narrant
837 2277 937 2362 (conf.
962 2279 1137 2359 (υναξάρια
1159 2277 1211 2341 24.
1235 2276 1356 2362 Μαΐου)
1381 2278 1595 2364 compositum

141 2380 195 2442 sit.
232 2377 355 2442 'l'errae
371 2379 456 2443 enim
477 2386 601 2461 motus,
624 2380 679 2466 qui
701 2380 764 2444 hoc
786 2388 818 2445 et
839 2378 913 2445 aliis
937 2380 1083 2445 ciusdem
1106 2380 1173 2444 diei
1196 2377 1395 2443 carminibus
1419 2376 1594 2461 indicatur,

141 2479 239 2564 longe
265 2488 341 2565 post
369 2479 540 2565 Symeonis
569 2479 655 2546 illius
684 2480 810 2545 obitum
839 2480 900 2546 sub
928 2483 1065 2568 imperio
1094 2479 1229 2546 Leontis
1260 2480 1397 2546 Isaurici
1425 2501 1510 2544 anno
1533 2479 1596 2544 740

140 2581 302 2647 accidisse
323 2580 507 2667 Synaxaria
530 2590 706 2667 testantem
730 2604 793 2670 qua
814 2583 856 2647 de
878 2605 976 2648 causa
997 2584 1062 2649 nisi
1084 2585 1252 2670 antiquum
1276 2603 1403 2647 carmen
1426 2580 1488 2648 hoc
1508 2603 1594 2646 novo

144 2694 249 2748 terrae
271 2692 361 2748 motu
383 2684 596 2749 resucitalum
619 2705 691 2749 esse
713 2693 852 2770 statuas,
875 2684 975 2750 alium
990 2683 1185 2773 Symeonem
1207 2683 1304 2750 huius
1327 2684 1464 2770 troparii
1485 2692 1594 2748 auoto-

141 2805 210 2850 rem
232 2784 323 2850 dicas
351 2805 482 2849 necesse
505 2796 564 2851 est.
609 2787 731 2852 Contra
759 2788 844 2854 inter
870 2787 1097 2874 antiquissima
1125 2787 1269 2873 troparia
1297 2787 1483 2866 καθίιματα,
1513 2785 1594 2851 ἀπο-

141 2886 275 2966 λυτίκια,
309 2889 438 2967 ιτιχηρὰ
471 2888 631 2970 αὐτόμελα
664 2890 918 2972 numeraverIm‚
952 2909 1051 2976 quae,
1085 2909 1158 2952 cum
1192 2888 1263 2953 sine
1295 2888 1425 2952 nomine
1451 2886 1595 2951 auctoris

142 2988 302 3071 ferantur,
330 2987 392 3051 hac
419 2989 492 3076 ipsa
518 3011 554 3054 re
581 2999 739 3056 remotam
766 2990 923 3077 originem
947 2989 1098 3079 produnt.
1143 2989 1258 3078 Neque
1280 2988 1385 3054 solum
1407 2986 1595 3054 veneranda

142 3098 305 3156 vetustate
326 3089 383 3154 Illa
404 3091 549 3176 insignia
571 3101 660 3173 sunt,
684 3091 857 3158 sedetiam
874 3101 969 3178 grata
991 3091 1132 3179 quadam
1153 3113 1361 3158 numerorum
1384 3088 1594 3178 simplicitate

142 3192 439 3279 sententiarumque
461 3193 641 3278 gravitate,
670 3215 734 3281 quo
756 3195 880 3260 factum
903 3203 967 3278 est,
995 3203 1032 3259 ut
1054 3193 1172 3259 multos
1194 3196 1375 3259 imitatores
1398 3193 1594 3274 invenirent,

144 3294 199 3378 qui
221 3293 340 3357 lisdem
361 3295 506 3359 numeris
536 3293 707 3381 modisque
734 3297 786 3360 usi
809 3294 928 3360 similia
949 3297 1094 3383 troparia
1116 3297 1329 3378 (I'Ipocduom)
1352 3301 1593 3381 componerent.

140 3394 251 3481 Atque
271 3393 354 3460 adeo
382 3395 498 3461 horum
525 3396 697 3462 modorum
725 3397 888 3462 suavitate
911 3397 1011 3482 vulgo
1034 3396 1296 3478 delectabantur,
1325 3405 1361 3460 ut
1388 3392 1496 3460 nullus
1525 3393 1594 3456 fere

141 3495 212 3561 dies
235 3496 339 3560 festus
361 3499 515 3584 tropariis
536 3496 580 3561 ad
603 3499 769 3586 exemplar
791 3519 901 3562 eornm
915 3498 1012 3562 factis
1027 3506 1161 3562 careret.
1199 3498 1291 3562 Haec
1312 3517 1382 3560 curn
1405 3496 1452 3559 ita
1474 3501 1592 3577 essent,

140 3598 314 3677 καθίιματα
335 3607 368 3662 et
388 3600 517 3679 crrxnpir
539 3601 717 3680 προιόμοια
739 3600 844 3686 primo
866 3600 937 3665 loco
960 3599 993 3663 in
1016 3597 1076 3663 hac
1090 3597 1279 3684 anthologia
1295 3595 1482 3663 collocanda
1505 3597 1594 3660 etin

141 3699 240 3765 tertio
261 3698 357 3781 libro,
381 3721 445 3787 quo
468 3700 508 3764 de
530 3701 674 3766 numeris
696 3700 876 3766 carminum
898 3699 1150 3786 byzantinomm
1173 3707 1409 3766 commentatus
1432 3719 1521 3781 sum,
1544 3697 1593 3760 in-

142 3801 255 3887 primis
284 3799 479 3866 illustranda
507 3800 670 3867 duximus.
715 3801 831 3890 Neque
858 3800 993 3886 dubito,
1021 3802 1101 3889 quin
1123 3801 1234 3867 multis
1256 3801 1360 3884 idem,
1391 3799 1478 3888 quod
1501 3799 1593 3882 mihi,

140 3901 284 3984 accidat,
307 3911 343 3966 ut
358 3923 432 3967 cum
454 3911 623 3989 poetarum
644 3903 872 3989 aByzantinis
894 3903 1037 3968 maxime
1059 3903 1265 3969 laudatorum
1286 3902 1431 3991 prolixos
1455 3921 1593 3966 canones

142 4025 207 4068 non
229 4004 300 4068 sine
322 4003 430 4069 laedio
453 4004 668 4092 perlegerint,
690 4005 733 4070 ad
756 4015 881 4092 gratam
905 4004 1147 4093 simplicitatem
1170 4004 1320 4071 brevium
1342 4003 1457 4089 herum
1480 4002 1594 4066 carmi·

141 4127 219 4172 num
240 4106 358 4171 iterum
381 4106 566 4192 iterumque
588 4105 732 4173 redeant.

226 4207 337 4273 Poesis
360 4208 462 4294 igitur
483 4206 662 4274 christiana
682 4208 790 4274 medio
811 4231 893 4275 aevo
915 4231 935 4274 a
956 4209 1095 4296 singulis
1112 4209 1262 4274 versibus
1284 4207 1487 4293 modicisque
1510 4212 1592 4270 stro-

142 4309 231 4396 phis,
255 4329 335 4396 quas
357 4319 470 4397 tropos
493 4307 546 4374 vel
573 4312 717 4398 troparia
745 4311 969 4399 appellabant,
998 4310 1157 4376 faciendis
1186 4311 1316 4374 initium
1345 4309 1441 4396 cepit.
1485 4305 1592 4371 Tanto

142 4432 239 4499 opere
261 4411 346 4475 enim
369 4411 539 4476 christiani
561 4411 676 4496 primis
699 4412 839 4478 saeculis
866 4413 967 4477 medii
988 4414 1061 4478 aevi
1085 4410 1280 4499 psalmorum
1310 4409 1434 4491 cantui,
1462 4415 1592 4495 patrum

142 4513 300 4580 institutis
329 4513 422 4599 quasi
450 4513 653 4596 consecrato,
682 4513 854 4598 favebant,
888 4523 925 4580 ut
956 4535 1043 4580 nova
1069 4514 1196 4579 cantica
1224 4515 1354 4598 integra
1382 4508 1593 4597 comprobare

142 4636 206 4680 non
232 4614 407 4699 auderent,
438 4613 495 4679 sed
525 4616 559 4680 in
586 4615 743 4682 brevibus
771 4615 914 4703 strophis
935 4615 1134 4704 psalmorum
1156 4613 1308 4680 versibus
1330 4610 1516 4680 intexendis
1539 4608 1593 4674 vel

141 4716 325 4802 adfigendis
347 4717 602 4804 acquiescerent.
638 4715 841 4805 Ampliorem
856 4705 964 4783 autern
979 4717 1055 4782 huic
1070 4739 1154 4782 novo
1177 4717 1285 4804 poesis
1308 4715 1421 4802 generi
1443 4733 1591 4799 campum

142 4818 250 4882 officia
277 4819 435 4883 matutina
463 4826 496 4883 et
523 4820 712 4907 vespertina
739 4840 835 4907 quam
869 4817 1002 4904 liturgia
1029 4819 1100 4884 sive
1133 4819 1233 4884 missa
1259 4817 1449 4906 praebebat.
1494 4811 1592 4894 Quod

193 4937 304 4978 cauma
317 4945 362 4978 cns
364 4946 464 4978 mmmmm
1371 4945 1387 4984 e
