3800 5474
260 373 370 428 uxxvr
688 357 702 378 ‘
841 373 1122 430 Pnonneouaul.

192 595 197 607 Ι
260 519 462 607 syllabarum
491 521 653 604 exigendo
682 520 851 608 paululum
880 523 1027 586 remittas
1063 529 1095 584 et
1122 521 1272 584 licentiae
1304 520 1392 584 illius
1421 541 1538 584 causas
1566 528 1599 584 et
1626 519 1711 583 fines

260 622 386 686 rimeris
409 630 548 707 oportet.
593 621 660 686 Sed
674 645 715 688 ne
730 622 820 687 filum
836 622 1126 707 argumentationis
1142 623 1291 708 inceptas
1307 623 1598 706 interrumpamus,
1621 622 1715 686 inira

261 722 387 787 dehac
413 724 682 809 inaequabilitate
704 722 849 790 colorum
876 724 1010 810 eiusque
1024 725 1132 788 causis
1161 722 1324 810 copiosius
1352 721 1559 787 disseramus.
1604 721 1710 786 Plane

263 848 341 892 vero
364 835 454 890 recta
477 825 533 889 via
554 826 648 890 Pitra
670 827 851 908 aberravit,
875 825 961 912 quod
983 827 1083 890 nimio
1099 825 1216 891 ardore
1237 823 1315 890 fidei
1330 821 1508 890 catholicae
1531 824 1710 888 defenden-

261 929 322 994 dae
335 927 555 992 inflammatus
568 927 763 1014 byzantinos
775 927 917 992 melodos
930 929 990 992 hae
1000 928 1086 1013 paris
1095 928 1222 992 numeri
1235 925 1436 1014 syllabarum
1448 924 1520 1010 lege
1532 927 1711 991 constituta

260 1031 389 1096 cavisse
417 1028 520 1111 dixit,
549 1052 590 1092 ue
619 1031 730 1094 verbis
759 1030 896 1095 adiectis
924 1038 981 1093 aut
1009 1031 1136 1094 omissis
1165 1051 1225 1093 sua
1251 1026 1373 1116 placita
1399 1027 1591 1114 interpolari
1620 1029 1710 1091 etin

261 1131 459 1196 contrariam
481 1139 607 1219 partem
630 1131 818 1218 detorqueri
839 1141 981 1218 possent.
1027 1132 1121 1196 Licet
1142 1131 1228 1195 enim
1251 1131 1415 1216 principes
1430 1126 1552 1193 melodi
1568 1128 1709 1193 Ioannes

261 1233 486 1298 Damascenus
515 1243 549 1297 et
575 1233 711 1298 Cosmas
740 1232 1057 1320 Hierosolymitanus
1085 1254 1150 1297 non
1177 1232 1282 1296 solum
1309 1240 1496 1317 poetarum,
1525 1231 1580 1300 sed
1610 1233 1708 1295 etiam

261 1333 486 1418 theologorum
513 1344 623 1420 partes
651 1334 727 1399 tuiti
756 1335 823 1399 sint
850 1357 954 1422 neque
983 1335 1025 1400 ab
1054 1335 1192 1419 argutiis
1221 1322 1381 1419 nugisque
1409 1354 1487 1397 suae
1508 1332 1627 1396 aetatis
1649 1331 1708 1395 ab·

261 1436 451 1517 adnuerint,
474 1443 586 1500 tamen
607 1435 642 1499 in
665 1437 863 1501 carminibus
879 1436 1060 1522 pangendis
1077 1457 1251 1522 eorumque
1266 1444 1397 1499 textura
1412 1434 1612 1498 instituenda
1627 1435 1708 1499 artis

150 1585 157 1600 ,
260 1536 408 1624 poeticae
430 1537 538 1623 potius
554 1559 651 1623 quam
666 1536 869 1623 theologicae
884 1537 1075 1604 subtilitatis
1090 1537 1181 1622 leges
1197 1537 1300 1602 secuti
1316 1547 1404 1601 sunt.
1448 1537 1518 1599 lam
1541 1537 1567 1599 si
1583 1534 1708 1620 byzan-

261 1640 332 1703 tina
354 1637 499 1702 carmina
520 1637 562 1702 ad
585 1638 767 1704 canendum
795 1640 884 1704 facta
907 1661 1009 1726 eaque
1038 1640 1206 1704 modorum
1234 1636 1443 1724 simplicitate
1472 1637 1710 1722 antiquissimis

263 1739 465 1825 temporibus
489 1761 549 1803 usa
571 1761 642 1804 esse
665 1750 869 1824 reputamus,
895 1753 931 1807 ut
946 1740 1094 1826 singulae
1109 1739 1256 1826 syllabae
1271 1740 1339 1803 iere
1355 1739 1491 1824 singulis
1508 1741 1598 1803 vocis
1615 1739 1707 1804 flexi·

261 1840 324 1904 bus
346 1842 651 1926 pronuntiarentur,
679 1863 811 1934 causam
833 1831 922 1928 paris
946 1843 1148 1929 syllabarum
1176 1842 1302 1906 numeri
1330 1863 1372 1905 ex
1398 1849 1516 1904 natura
1538 1840 1708 1905 modorum

263 1942 473 2027 repetendam
496 1964 566 2008 esse
587 1952 734 2029 apparet.
779 1945 851 2010 Hoc
872 1955 981 2010 autem
1004 1945 1163 2009 eominus
1186 1946 1220 2007 iu
1235 1943 1472 2008 dubitationem
1488 1963 1606 2006 vocare
1621 1940 1708 2022 licet,

261 2046 338 2130 quia
366 2044 431 2108 iam
460 2054 586 2110 veteres
610 2054 726 2132 poetae
748 2045 843 2132 lyrici
871 2049 905 2110 in
926 2047 1127 2112 carminibus
1156 2047 1197 2110 ad
1231 2044 1413 2110 canendum
1443 2044 1615 2107 destinatis
1644 2067 1706 2107 non

261 2145 365 2209 solum
400 2146 519 2232 pedum
553 2169 798 2233 morarumque,
833 2149 890 2214 sed
925 2151 1022 2214 etiam
1054 2150 1180 2214 numeri
1213 2146 1413 2234 syllabarum
1441 2143 1706 2232 aequabilitatem

262 2245 472 2333 spectabant3
494 2247 583 2312 unde
605 2248 728 2312 lactum
751 2259 817 2332 est,
841 2260 877 2313 ut
899 2235 1104 2336 grammatici
1127 2252 1192 2316 iam
1216 2273 1253 2315 eo
1277 2259 1437 2333 tempore,
1467 2269 1532 2332 quo
1555 2248 1707 2311 metricae

199 2417 203 2426 ,
261 2347 350 2433 leges
373 2347 567 2434 rhythmicis
591 2351 732 2414 nondum
756 2364 939 2435 cesserant,
966 2352 1139 2417 nonnullos
1167 2373 1299 2430 versus,
1329 2347 1420 2412 velut
1442 2349 1589 2429 (απφικὰ
1621 2349 1708 2414 {vbe-

261 2451 460 2531 καεύλλαβον
504 2453 553 2516 καὶ
574 2456 995 2536 “πεντεκαιδεκα(ὐλλαβον,
1040 2456 1204 2520 Ἀλκαῑκὸν
1246 2452 1531 2532 δωδεκαεύλλαβον
1574 2472 1708 2514 numero

261 2551 461 2636 syllabarum
485 2550 669 2617 definirent.
715 2552 790 2634 Quo
820 2558 924 2641 magis
952 2567 1060 2620 autem
1084 2556 1273 2620 discrimina
1300 2553 1470 2638 longarum
1499 2561 1533 2615 et
1559 2549 1707 2616 brevium

261 2651 462 2736 syllabarum
477 2655 579 2720 minui
601 2665 635 2720 et
656 2655 823 2722 obliterari
839 2668 955 2743 coepta
969 2667 1058 2738 sunt,
1083 2679 1120 2722 eo
1143 2659 1250 2720 minus
1271 2664 1386 2742 poetae
1402 2651 1561 2740 syllabam
1575 2652 1708 2737 longam

262 2755 295 2818 in
318 2753 399 2818 duas
416 2754 532 2832 breves
553 2755 680 2821 solvere
702 2761 773 2822 ausi
797 2772 889 2840 sunt,
913 2782 977 2846 quo
999 2760 1122 2824 iactum
1146 2768 1210 2837 est,
1233 2768 1270 2821 ut
1285 2758 1384 2820 etiarn
1408 2757 1441 2820 in
1457 2756 1612 2820 trimetris
1627 2756 1708 2819 iarn·

261 2853 362 2935 bicis,
386 2857 442 2941 qui
463 2859 646 2924 recitationi
669 2861 777 2945 potius
800 2885 897 2948 quam
921 2862 1031 2926 cantui
1053 2861 1132 2925 facti
1156 2869 1263 2942 erant,
1292 2871 1416 2924 certum
1438 2879 1607 2922 numerum
1630 2857 1708 2921 duo·

262 2957 382 3020 denum
405 2957 606 3044 syllabarum
630 2961 741 3046 egredi
764 2973 964 3026 vererentur.
1010 2963 1138 3044 erodsi
1162 2961 1268 3026 medio
1285 2981 1365 3024 aevo
1387 2962 1442 3045 qui
1465 2970 1611 3023 veterum
1633 2981 1707 3045 poo-

262 3068 369 3123 tarum
393 3061 533 3146 vestigia
561 3062 732 3147 legebant,
763 3064 963 3150 syllabarum
993 3087 1159 3129 numerum
1189 3065 1222 3128 in
1248 3062 1399 3127 versibus
1427 3061 1612 3146 pangendis
1641 3083 1707 3124 non

261 3158 496 3246 neglegebant,
530 3163 690 3245 melodos,
726 3167 781 3252 qui
816 3166 950 3252 insuper
970 3167 1135 3231 modorum
1172 3175 1289 3230 natura
1318 3163 1568 3244 coercebantur,
1606 3161 1707 3227 multo

262 3263 360 3326 etiam
383 3265 488 3346 magis
511 3287 626 3330 cavere
656 3289 716 3352 par
744 3277 830 3349 erat,
858 3289 899 3332 ne
927 3290 1041 3332 versus
1069 3269 1133 3332 sibi
1160 3265 1393 3353 respondentes
1417 3263 1561 3351 disparis
1584 3265 1708 3349 magui·

265 3362 388 3427 tudinis
411 3377 530 3431 esseut.
847 3351 858 3372 ⁹

346 3463 462 3529 Altera
484 3469 586 3554 igitur
607 3469 676 3552 lex,
699 3495 796 3558 quam
819 3471 989 3560 byzantini
1011 3481 1126 3558 poetae
1147 3473 1180 3536 in
1204 3471 1400 3535 carminibus
1416 3469 1574 3534 iaciendis
1598 3470 1707 3533 obser·

262 3564 398 3646 rabant,
426 3569 469 3632 ad
502 3593 672 3636 numerum
701 3573 901 3659 syllabarum
930 3575 1125 3661 pertinebat.
1170 3575 1283 3660 Neque
1311 3572 1392 3636 hano
1415 3569 1519 3655 legem
1543 3581 1707 3656 tamquam

262 3687 355 3730 suam
372 3678 405 3732 et
421 3670 484 3733 sibi
501 3675 665 3757 propriam
679 3677 933 3757 constituerunt,
950 3675 1008 3740 sed
1024 3687 1057 3741 et
1071 3676 1270 3739 vetustiores
1286 3671 1494 3760 poetae,Syri
1510 3683 1543 3739 et
1556 3670 1707 3758 aequales

202 3827 207 3837 ,
262 3769 435 3854 scriptores
458 3775 700 3858 sequentiarum
727 3775 820 3840 latini
849 3778 962 3841 eadem
991 3800 1104 3842 norma
1131 3776 1211 3840 artis
1239 3776 1289 3840 usi
1311 3783 1396 3842 sunt.
1441 3773 1506 3840 Sed
1527 3795 1569 3837 ne
1591 3775 1625 3836 in
1647 3771 1708 3836 hac

262 3891 328 3932 una
349 3891 384 3934 re
405 3871 613 3940 observanda
645 3899 700 3942 eos
723 3879 927 3964 acquievisse
949 3891 1115 3966 putemne,
1138 3879 1211 3964 ipsa
1227 3899 1379 3940 versuum
1395 3875 1629 3960 modorumque
1650 3896 1705 3939 na-

263 3980 337 4034 tura
359 3971 581 4057 prohibemur.
619 3977 767 4065 Namque
788 3979 882 4044 nobis
898 3981 1029 4068 quidem
1044 4003 1117 4046 cum
1134 3981 1267 4050 notione
1283 4000 1396 4043 versus
1412 3998 1620 4041 numerorum
1636 3978 1707 4040 sive

265 4070 411 4158 rhythmi
433 4078 484 4140 vis
506 4077 588 4144 adeo
611 4082 783 4146 coniuncta
798 4105 868 4146 esse
884 4070 1031 4164 ridetur,
1060 4092 1098 4147 ut
1119 4103 1250 4145 versum
1273 4078 1395 4145 nullum
1420 4101 1490 4142 esse
1514 4078 1706 4158 sentiamus,
1775 4151 1780 4156 q

263 4183 340 4267 quin
356 4180 498 4244 cantoris
521 4181 573 4244 vel
588 4183 771 4248 recitatoris
794 4207 858 4249 vox
875 4186 972 4249 certis
987 4182 1169 4249 intervallis
1184 4182 1282 4248 modo
1304 4183 1465 4266 erigatur,
1489 4179 1585 4243 modo
1601 4177 1706 4265 depri-

263 4292 379 4347 matur.
424 4281 547 4346 Verum
575 4306 616 4347 ne
638 4285 725 4371 quod
754 4287 787 4349 in
809 4286 920 4350 latinis
943 4287 1128 4371 nostrisque
1151 4284 1303 4348 versibus
1325 4305 1386 4347 usu
1408 4283 1521 4346 venire
1543 4280 1705 4360 novimus,

263 4385 297 4448 in
320 4384 507 4471 byzantinis
530 4407 658 4472 quoque
686 4385 808 4453 lactum
831 4411 903 4452 esse
925 4399 1049 4452 temere
1071 4386 1273 4471 colligamus,
1302 4383 1534 4471 pedetemptim
1557 4393 1590 4446 ct
1611 4391 1706 4445 caute

261 4484 356 4551 nobis
385 4484 658 4571 progrediendum
687 4499 746 4553 est.
791 4487 875 4552 Nam
904 4499 940 4553 ut
962 4486 1161 4574 psalmorum
1190 4508 1304 4551 versus
1325 4487 1477 4571 inpares
1499 4504 1706 4548 numerorum

262 4587 362 4673 pedes
385 4609 446 4651 nee
468 4609 622 4674 umquam
644 4588 769 4654 divisos
791 4613 851 4653 noc
872 4588 938 4653 ullo
962 4588 1057 4653 modo
1080 4587 1273 4652 dividendos
1296 4588 1440 4666 mittam,
1463 4585 1556 4650 latini
1579 4607 1707 4672 quoque

262 4697 377 4774 poetae
405 4687 504 4753 medii
527 4691 601 4754 aevi
636 4688 699 4754 duo
728 4690 908 4754 carminum
935 4712 1072 4775 genera,
1105 4689 1242 4776 hymnos
1277 4700 1310 4752 et
1337 4709 1467 4773 prosas,
1502 4687 1549 4751 ita
1576 4686 1707 4750 differre

264 4789 468 4874 statuebant,
508 4801 544 4854 ut
566 4813 683 4881 prosae
710 4813 775 4856 non
803 4790 936 4875 iisdem,
966 4791 1084 4878 quibus
1117 4790 1245 4880 hymni,
1278 4789 1406 4874 legibus
1440 4787 1585 4876 rhythmi
1617 4798 1722 4852 tene.
