3800 5474
263 299 377 355 XLVIII
848 297 1129 353 PROLEGOMENA.

265 445 458 511 Theodorae
485 445 619 530 reginae
648 465 709 530 ope
731 453 763 509 et
785 443 921 510 consilio
948 445 1135 531 compositis
1158 445 1193 508 in
1216 465 1341 508 summa
1362 443 1472 530 quiete
1494 443 1581 508 diem
1604 465 1719 531 supre-

261 570 348 613 mum
372 547 464 615 obiit.

345 648 476 736 Iosephi
492 648 623 714 nomine
638 648 712 736 plus
728 649 863 714 ducenti
878 669 1018 713 canones
1033 649 1244 715 Menaeorum
1265 633 1417 736 Inscripti
1433 656 1524 728 sunt,
1548 656 1581 712 et
1595 669 1637 712 ne
1651 646 1720 713 ulla

261 752 403 816 auctoris
427 751 591 816 dubitatio
618 749 882 835 subnasceretur,
909 751 1013 836 ipsius
1040 760 1156 838 poetae
1182 749 1313 816 nomine
1340 749 1559 815 acrostichide
1585 750 1718 836 prodito

261 863 393 919 cautum
409 863 470 919 est.
507 852 589 917 Cum
606 854 692 916 enim
707 853 873 939 principes
894 852 1015 918 melodi
1030 854 1171 918 Ioannes
1193 861 1226 917 et
1242 852 1376 917 Cosmas
1398 853 1646 938 praecipuarum
1668 874 1718 916 so-

262 955 467 1020 lemnitatum
489 954 614 1020 Christi
637 964 670 1019 et
691 955 817 1020 Mariae
839 976 981 1020 canones
1009 955 1244 1036 confecissent,
1274 953 1430 1041 Iosephus
1453 951 1487 1016 id
1510 955 1718 1041 potissimum

262 1059 369 1143 egisse
382 1057 523 1138 videtur,
536 1066 573 1121 ut
583 1055 775 1122 Sanctorum
790 1078 917 1144 quoque
930 1057 1119 1121 memoriam
1130 1054 1311 1123 canonibus
1324 1056 1514 1122 celebraret.
1542 1054 1717 1120 Praeterea

263 1160 421 1244 losephus
444 1159 578 1225 Ioannis
601 1158 801 1225 Oetoeehum
821 1159 868 1223 ita
890 1157 1114 1244 amplificavit,
1137 1167 1184 1241 ut,
1207 1181 1281 1224 cum
1303 1158 1346 1223 ab
1368 1157 1424 1223 illo
1446 1155 1512 1222 diei
1534 1157 1718 1222 dominicae

264 1283 403 1327 canones
428 1269 461 1325 et
482 1261 624 1326 stichera
652 1270 724 1326 octo
751 1269 901 1325 tonorum
928 1260 1078 1326 confecta
1104 1269 1230 1341 essent,
1263 1263 1335 1347 ipse
1362 1257 1557 1346 reliquorum
1588 1279 1716 1345 quoque

263 1364 421 1450 cuiusque
449 1360 665 1428 hebdomadis
699 1362 826 1426 dierum
859 1383 1015 1447 oenones,
1051 1361 1186 1442 triodia,
1224 1361 1366 1427 stichera
1398 1370 1617 1449 componeret.
1662 1360 1717 1426 Sic

262 1467 371 1531 sexies
400 1464 508 1529 octoni
536 1464 608 1529 sive
638 1463 859 1551 quadraginta
884 1473 957 1529 octo
985 1485 1125 1530 canones
1152 1463 1300 1550 Iosephi,
1329 1464 1505 1529 secundum
1528 1472 1602 1528 octo
1624 1469 1718 1527 tonos

264 1567 401 1653 digesti,
435 1567 602 1648 feruntur,
632 1587 712 1651 quos
739 1567 774 1630 in
796 1564 868 1630 cod.
891 1566 1081 1631 Monacensi
1103 1565 1136 1629 D
1159 1551 1192 1630 et
1213 1565 1286 1631 cod.
1308 1564 1453 1632 Vindob.
1476 1561 1575 1629 theol.
1597 1586 1630 1629 n.
1654 1563 1718 1629 309

261 1691 347 1734 saec.
370 1668 439 1734 XII
462 1675 613 1733 exaratos
636 1669 777 1754 repperi.
790 1669 824 1754 *)
867 1666 1019 1755 Denique
1042 1666 1199 1732 Triodion
1219 1690 1238 1732 a
1260 1666 1400 1753 Iosepho
1422 1675 1454 1731 et
1476 1663 1649 1731 Theodoro
1671 1666 1718 1730 ita

262 1770 498 1858 amplificatum
521 1779 585 1853 est,
614 1779 650 1835 ut
672 1768 800 1834 triodiis
822 1790 960 1854 magnae
982 1767 1213 1853 hebdomadis,
1242 1792 1262 1834 a
1286 1768 1405 1834 Cosma
1432 1766 1559 1833 melodo
1587 1789 1716 1854 compo·

262 1874 352 1956 sitis,
381 1871 578 1959 reliquarum
607 1893 734 1958 quoque
761 1868 1003 1936 hebdomadum
1029 1877 1084 1950 τῆε
1106 1873 1355 1952 Τεετερακοετῆτ
1382 1868 1503 1936 triodia
1524 1869 1714 1950 adiicerent,

261 1974 348 2062 quod
371 1973 574 2060 Nicephorus
597 1973 648 2038 his
671 1973 783 2040 verbis
805 1981 942 2038 testatus
965 1982 1028 2038 est:
1066 1973 1105 2038 Oi
1127 1975 1236 2039 λοιποὶ
1257 1980 1323 2040 τῶν
1346 1973 1497 2052 πατέρων
1518 1973 1570 2037 καὶ
1592 1974 1716 2052 μᾶλλον

261 2080 329 2144 τῶν
351 2077 461 2143 ἄλλων
483 2076 656 2157 Θεόδωρός
683 2097 718 2140 τε
746 2077 797 2140 καὶ
824 2076 939 2156 ’tucho
967 2074 998 2140 οἱ
1021 2074 1184 2140 (coutitur
1212 2078 1291 2142 κατὰ
1318 2078 1419 2154 ζῆλον
1446 2080 1506 2141 τοῦ
1530 2076 1634 2154 Κοτμά
1656 2073 1716 2140 κάν

259 2183 330 2245 ταῑτ
359 2181 486 2244 λοιπαῑτ
514 2178 664 2259 ἑβδομάτι
693 2181 749 2257 τῆ(
776 2177 869 2254 <Istoc
896 2178 947 2242 καὶ
974 2177 1111 2256 μεγάλη(
1139 2178 1388 2256 Τετεεροκοττῆτ
1419 2178 1648 2257 τυυταξάμενοι
1677 2181 1716 2260 n]

260 2281 369 2348 αὐτῶν
398 2286 480 2364 μονῇ
508 2283 566 2346 τοῦ
589 2279 743 2346 (scottos
771 2283 903 2359 πρῶτον
926 2279 1187 2360 παροδεδώκοτιν
1215 2278 1268 2343 ἐπὶ
1290 2281 1413 2360 μᾶλλον
1435 2279 1492 2344 τάε
1514 2277 1600 2343 droht
1622 2297 1715 2342 κατο-

263 2383 412 2450 τάξυντετ
435 2382 485 2447 καὶ
508 2381 721 2462 ῥυθμίταυτετ.

345 2483 433 2548 Illud
459 2491 568 2548 autem
599 2478 830 2545 difficillimum
858 2489 909 2546 est
939 2482 981 2546 ad
1014 2481 1277 2564 diiudicandum,
1312 2482 1378 2546 utri
1411 2480 1551 2568 Iosepho
1585 2481 1716 2567 singula

261 2587 406 2651 carmina
434 2583 657 2648 ecclesiastica
685 2581 892 2666 adsignanda
914 2583 990 2649 sint.
1034 2585 1143 2670 Atque
1165 2582 1286 2648 triodia
1306 2582 1381 2666 illa,
1410 2582 1594 2668 dequibus
1617 2584 1715 2648 modo

262 2686 440 2772 disputavi,
463 2694 547 2749 teste
568 2679 753 2771 Nicephoro
775 2683 945 2771 Iosephus,
968 2684 1135 2750 Theodori
1157 2684 1273 2766 frater,
1295 2685 1494 2771 composuit,
1517 2707 1615 2771 quem
1637 2707 1714 2749 eun·

139 2836 141 2842 -
261 2788 335 2853 dem
358 2787 559 2853 Oetoeehum
588 2785 685 2852 modo
708 2787 858 2872 exposito
881 2785 1096 2873 amplificasse
1111 2785 1191 2849 ueri
1212 2785 1412 2850 simillimum
1435 2795 1494 2852 est.
1539 2789 1716 2852 Praeterea

261 2889 405 2976 quinque
434 2909 574 2953 canones
602 2883 857 2966 Penteco‘starii,
885 2909 958 2952 cum
988 2909 1107 2953 nomen
1134 2888 1249 2968 Ἰωτήφ
1274 2888 1505 2968 θετταλονίκητ
1538 2888 1573 2952 in
1607 2888 1714 2954 fronte

259 2991 453 3077 inscriptum
483 3010 561 3073 prae
594 3010 630 3052 se
664 2988 788 3068 ferant,
822 2987 963 3074 Iosepho
991 2987 1141 3055 Studitae
1169 2989 1278 3076 potius
1311 3010 1409 3075 quum
1436 2988 1575 3076 Iosepho
1602 2988 1714 3056 Siculo

260 3089 453 3156 tribuendos
486 3111 558 3154 esse
592 3097 693 3175 patet.
744 3087 810 3152 Sed
846 3110 1007 3154 canonum
1040 3089 1230 3155 Sanctorum
1267 3091 1300 3154 in
1334 3090 1473 3155 Menace
1508 3100 1715 3178 receptorum

247 3185 403 3260 'omnium
426 3188 600 3276 Iosephum
624 3188 769 3254 Siculum
792 3198 957 3255 auctorem
985 3212 1057 3255 esse
1085 3190 1254 3276 duxerim3
1282 3193 1311 3256 is
1340 3191 1425 3256 enim
1453 3213 1527 3256 cum
1557 3193 1713 3256 maiorem

258 3293 389 3359 laudem
410 3291 559 3380 poeticae
581 3289 747 3356 facultatis
770 3291 960 3373 meruisset,
989 3293 1180 3376 cognomine
1207 3293 1421 3374 ὑμνογράφου
1450 3304 1585 3360 ornatus
1608 3301 1715 3358 estet

258 3396 453 3462 Sanctorum
481 3391 595 3459 laudes
624 3393 781 3458 cecinisse
808 3393 842 3456 in
864 3392 1056 3479 Synaxariis
1084 3393 1285 3479 perhibetur.
1328 3395 1457 3479 Ingenii
1486 3405 1596 3460 autem
1618 3394 1713 3458 uber-

258 3507 326 3563 tate
347 3505 380 3562 et
402 3505 473 3562 arte
495 3517 548 3560 res
570 3492 783 3558 multifariam
798 3492 949 3559 variandi
972 3516 1046 3559 cum
1061 3493 1158 3560 facile
1175 3495 1326 3561 Cosmum
1341 3504 1374 3560 et
1390 3494 1546 3575 Ioannem
1569 3507 1712 3582 superet,

259 3619 296 3662 eo
319 3597 526 3683 potissimum
555 3596 687 3660 nomine
715 3595 915 3680 principibus
943 3595 1008 3660 illis
1037 3594 1173 3661 melodis
1201 3595 1337 3662 inferior
1364 3606 1429 3681 est,
1458 3596 1546 3684 quod
1567 3597 1713 3662 musicae

259 3699 339 3764 artis
366 3717 483 3784 parum
514 3717 635 3782 gnarus
664 3692 771 3760 modis
798 3695 841 3760 ab
869 3695 934 3762 illis
968 3697 1110 3764 inventis
1139 3719 1273 3764 suorum
1305 3698 1499 3787 hymnorum
1526 3698 1631 3764 verba
1659 3719 1712 3763 ac·

261 3799 492 3867 commodavit.

345 3902 487 3970 Κοτίαν
509 3899 719 3982 monacham,
743 3923 826 3988 quae
847 3901 961 3968 eadem
978 3905 1112 3983 Κοτιανὴ
1134 3924 1263 3990 quoque
1284 3905 1444 3976 nominari
1467 3903 1609 3984 videtur,
1633 3923 1712 3989 qus·

259 4013 333 4069 tuor
364 4005 507 4092 priorum
542 4001 679 4068 odarum
704 3999 842 4069 *canonis
874 4004 985 4088 magni
1017 4003 1153 4070 Sabbati
1187 4003 1279 4089 (vida
1306 4015 1401 4071 notas
1423 4027 1457 4092 p.
1482 4005 1556 4091 196)
1588 4005 1711 4069 hirmos

259 4106 482 4194 composuisse
504 4103 696 4171 Theodorus
718 4103 917 4170 Prodromus
940 4104 974 4168 in
996 4105 1235 4170 commentariis
1257 4104 1346 4171 illius
1368 4107 1502 4170 canonis
1524 4105 1575 4171 his
1598 4104 1711 4170 verbis

258 4216 416 4274 testatur:
444 4207 481 4273 ‘0
503 4208 619 4288 πορὼν
646 4209 755 4274 κανὼν
782 4207 903 4287 ποίημα
930 4207 988 4285 μέν
1017 4206 1100 4272 ἐττιν
1128 4205 1199 4286 άχρι
1220 4209 1277 4286 τῆ(
1299 4209 1444 4290 πέμπτη(
1466 4209 1551 4292 drot(
1574 4207 1713 4288 Μάρκου

258 4310 433 4377 ἐπιτκάπου
455 4310 650 4393 Ἱδροῡυτοε,
673 4309 708 4375 ἐκ
729 4309 766 4373 δὲ
787 4307 903 4387 ταύτης
925 4306 1016 4386 ἄχρι(
1038 4306 1171 4388 ἐνυάτητ
1192 4312 1252 4375 τοῦ
1274 4310 1417 4391 μεγάλου
1439 4313 1575 4389 ποιητοῦ
1592 4310 1712 4391 Κοτμά·

258 4411 341 4478 ἀλλά
362 4412 449 4478 πολὺ
472 4413 643 4495 πρότερον,
666 4410 712 4478 oc
733 4409 767 4478 ἐξ
789 4409 942 4489 ἀγράφου
964 4408 1080 4489 ἔχομεν
1102 4411 1325 4494 παροδόεεωε,
1347 4412 1429 4492 γυνή
1451 4433 1498 4478 τι(
1519 4417 1586 4479 τῶν
1607 4413 1711 4478 Εὐπα-

325 4651 349 4714 ·)
375 4651 407 4702 Id
434 4656 527 4702 tamen
554 4649 607 4702 hac
633 4651 838 4716 opportumtute
865 4649 961 4704 oblata
987 4665 1084 4704 moneo
1110 4651 1139 4702 in
1166 4651 1228 4704 cod.
1246 4651 1454 4706 vindobonensi
1480 4667 1553 4703 nunc
1581 4651 1712 4703 extremis

259 4735 371 4802 pegims
388 4735 515 4796 resciscit
532 4740 597 4786 octo
616 4747 736 4786 canones
754 4735 826 4799 ἢχου
844 4737 892 4790 πλ.
911 4729 935 4786 δ’
954 4735 1117 4788 desiderari.
