3800 5474
534 394 600 449 mn.
617 396 637 448 1.
667 395 714 449 nn
730 395 857 450 POETIS
872 393 1100 452 onnrsrmurs
1115 373 1277 449 entonis.
1529 393 1632 448 xxvu
1756 404 1761 414 ·

588 643 662 710 Ρίζα
683 644 898 724 φιλευεεβέων
923 643 927 724 l
951 644 1065 720 ἔπλεο,
1088 644 1213 719 Παῦλε,

485 765 501 792 ·
586 745 622 811 ἐν
644 745 737 825 χθονὶ
757 745 944 830 τετραπόρῳ
968 745 972 828 l
996 745 1106 822 γείναο
1129 744 1276 826 μόεχουε.
1468 835 1470 838 Ι

182 859 248 924 Sed
275 881 348 924 cum
377 860 589 927 choriambici
616 861 716 951 pedes
745 862 893 928 iambicis
916 845 954 928 'et
975 863 1091 928 ionicis
1119 863 1226 926 minus
1255 860 1351 925 facilc
1380 859 1633 944 admisceantur,

181 962 345 1027 trimetros
368 964 507 1047 ionicus,
531 963 642 1050 quales
664 965 699 1029 in
721 962 824 1028 altero
847 963 1023 1051 Sophronii
1045 965 1188 1029 carmine
1210 964 1374 1048 leguntur,

585 1084 677 1164 Ἱεραὶ
698 1075 896 1168 παρθενικαὶ,
919 1085 1064 1150 natrice
1086 1084 1207 1163 Θέκληε

586 1185 756 1266 crepacore
778 1186 951 1251 ἀθανάτοι(
975 1187 1110 1266 crepere
1133 1185 1267 1266 νύμφης.

181 1303 322 1388 priscam
345 1311 378 1367 et
399 1304 573 1388 genuinam
596 1303 711 1369 horum
734 1326 889 1368 versuum
913 1303 1049 1368 formam
1072 1303 1175 1368 fuisse
1197 1301 1410 1386 crediderim,
1440 1325 1577 1388 quorum
1600 1304 1633 1366 in

181 1402 286 1467 locum
316 1403 553 1471 choriambicos
586 1403 659 1470 illos
693 1403 761 1469 fere
789 1404 1026 1492 supponebant.
1071 1405 1219 1492 Utraque
1246 1412 1355 1469 autem
1383 1425 1499 1468 versus
1528 1405 1634 1469 forma

181 1527 246 1569 non
269 1505 366 1570 modo
388 1507 460 1594 pari
483 1505 745 1573 duodevicennm
766 1528 929 1572 morarum
958 1507 1112 1593 temporis
1136 1507 1244 1594 spatio
1270 1505 1327 1572 sed
1350 1506 1448 1570 etiam
1470 1504 1633 1570 similibus

180 1606 369 1672 accentibus
393 1609 564 1674 coniuncta
586 1618 671 1692 crat,
695 1608 790 1674 modo
813 1631 966 1674 caesurae
988 1608 1112 1674 indicia
1134 1618 1264 1674 secutus
1279 1607 1338 1672 hos
1354 1609 1438 1672 ictus
1461 1608 1633 1694 primarios

178 1709 308 1796 utrique
331 1710 441 1775 versui
463 1707 709 1797 adsignaveris:

265 2065 447 2154 Scriptores
469 2066 770 2131 Anacreonteorum
793 2066 1044 2133 christianorum
1066 2068 1100 2132 in
1123 2065 1195 2132 cod.
1212 2067 1391 2132 Barbarino
1414 2090 1446 2131 n.
1462 2067 1524 2131 24o
1547 2087 1631 2132 saec.

180 2169 232 2234 XI
248 2168 300 2236 vel
315 2167 405 2250 XII,
433 2170 490 2255 qui
512 2167 691 2254 byzantina
712 2157 938 2234 Anacreontea
960 2170 995 2233 in
1017 2192 1116 2235 unum
1138 2191 1256 2256 corpus
1279 2171 1453 2235 coniuncta
1475 2169 1632 2251 continet,

178 2271 386 2336 nominantur
415 2269 467 2334 hi:
505 2270 706 2357 Sophronias
735 2269 1069 2358 Hierosolymitanns,
1109 2269 1202 2336 Elias
1238 2271 1430 2357 syncellus,
1467 2272 1631 2355 Ignatius,

178 2372 321 2438 Aretbas
329 2422 339 2456 ,
362 2374 539 2459 imperator
560 2372 644 2455 Lec;
667 2372 744 2437 vide
759 2372 965 2457 Matrangam
981 2374 1016 2438 in
1030 2373 1112 2438 Maii
1128 2372 1241 2460 Spicil.
1257 2373 1351 2438 Rom.
1366 2372 1417 2437 IV
1431 2397 1464 2458 p.
1476 2370 1633 2437 XXXVI

181 2497 255 2563 sqq.
290 2473 454 2562 Equidem
476 2482 617 2561 quatuor
639 2483 766 2539 tantum
790 2476 950 2558 carmina,
973 2476 1039 2540 tria
1053 2475 1245 2563 Sophronii,
1269 2497 1370 2539 uuum
1385 2473 1490 2557 Eliae,
1513 2475 1632 2560 recepi,

181 2587 218 2642 ut
251 2599 293 2641 ne
325 2575 420 2642 huius
454 2575 585 2662 quidem
619 2576 797 2640 carminum
828 2577 958 2661 generis
990 2577 1140 2664 exempla
1167 2577 1202 2641 in
1231 2576 1292 2642 bac
1319 2575 1508 2661 anthologia
1536 2575 1633 2662 plane

179 2678 453 2744 desiderarentur.
491 2677 633 2743 Etiamsi
655 2677 741 2741 enim
761 2677 830 2742 Leo
852 2677 993 2743 Allatius
1016 2677 1191 2765 Sophronii
1213 2680 1358 2744 carmina
1380 2669 1632 2764 elegantissima,

179 2780 342 2867 piissima,
370 2778 576 2845 melitissima
603 2777 844 2866 praedicaverit
865 2789 899 2845 et
925 2790 1036 2845 nostra
1063 2782 1219 2847 memoria
1240 2781 1415 2865 Matranga
1442 2779 1632 2845 doctissimo

178 2881 337 2968 sIgnifero
360 2881 575 2965 succinuerit,
598 2890 707 2951 tamen
729 2903 794 2947 non
816 2881 918 2968 digna
939 2881 1020 2946 mibi
1043 2903 1115 2946 esse
1130 2882 1339 2966 videbantur,
1362 2903 1446 2968 quae
1468 2883 1578 2946 omnia
1599 2882 1633 2945 in
1732 2961 1738 2972 .

179 2985 241 3049 hoc
267 2983 363 3049 libro
379 2985 469 3070 typis
497 2992 732 3069 repeterentur.
776 2981 876 3048 Plura
904 2985 960 3070 qui
988 2982 1206 3068 desiderabit,
1236 2983 1350 3068 adeat,
1380 3005 1518 3070 quaeso,
1551 2983 1631 3047 Maii

179 3084 292 3173 Spicil.
315 3085 409 3150 Rom.
432 3094 509 3150 tom.
533 3083 594 3168 IV,
616 3083 809 3170 Matrangae
831 3085 991 3150 Anecdot.
1015 3095 1092 3150 tom.
1115 3085 1168 3168 Il,
1191 3085 1341 3151 Danielis
1364 3085 1463 3151 Thes.
1487 3082 1630 3171 hymnol.

178 3187 243 3252 vol.
268 3188 410 3252 tertium.
455 3184 565 3272 Selcgi
586 3195 696 3251 antem
717 3196 848 3273 praeter
869 3185 956 3252 bella
976 3188 1152 3274 praeconia
1173 3186 1267 3253 Pauli
1288 3186 1428 3275 apostoli
1444 3197 1476 3252 et
1491 3184 1632 3252 Theclae

179 3291 332 3376 martyris
354 3279 564 3353 memorabile
592 3309 722 3352 carmen
750 3287 791 3352 dc
817 3287 899 3355 locis
922 3289 1118 3356 venerandis
1141 3310 1252 3354 sacrae
1273 3289 1363 3355 urbis
1386 3287 1630 3375 Hierosolymo-

178 3413 268 3474 rum,
291 3413 355 3478 quo
378 3411 492 3455 recuso
515 3399 548 3454 et
570 3389 740 3456 emendato
762 3391 844 3457 viris
873 3391 994 3472 doctis,
1022 3393 1079 3477 qui
1099 3388 1324 3475 archaelogiae
1346 3390 1543 3456 christianae
1565 3397 1632 3454 tam

181 3493 294 3578 egregi
318 3513 448 3578 operam
470 3501 582 3558 nostra
602 3495 758 3558 memoria
785 3493 995 3579 impendunt,
1023 3513 1074 3556 me
1101 3500 1231 3577 gratum
1257 3500 1490 3578 acceptumque
1516 3491 1633 3554 fecisse

179 3614 286 3681 spero.
331 3592 531 3680 Sophronias
555 3596 640 3660 enim
662 3595 725 3661 hoc
747 3594 888 3659 carmine
910 3595 1011 3680 pium,
1034 3615 1098 3680 quo
1120 3591 1295 3679 flagrabat,
1319 3592 1518 3658 desiderium
1540 3612 1633 3656 saera

177 3697 251 3761 loca
265 3695 409 3760 adeundi
424 3696 471 3760 ita
485 3704 676 3784 persecutus
692 3705 752 3781 est,
775 3705 812 3761 ut
826 3695 918 3761 urbis
933 3694 1234 3783 Hierosolymorum
1250 3696 1384 3782 eiusque
1399 3693 1631 3778 aedificiorum,

177 3797 290 3885 qualia
311 3799 449 3886 septimo
470 3797 601 3863 sacculo
622 3808 729 3881 erant,
756 3798 953 3864 lineamenta
979 3797 1205 3883 adumbraret,
1236 3819 1319 3886 quae
1349 3819 1421 3862 cum
1451 3797 1523 3884 ipsa
1551 3796 1631 3860 satis

177 3897 339 3966 notabilia
361 3901 444 3981 sint,
475 3900 601 3966 tamin
628 3908 721 3966 tanta
742 3911 889 3967 veterum
912 3901 1171 3966 testimoniorum
1193 3901 1332 3988 penuria
1353 3899 1528 3987 plurimum
1550 3897 1632 3962 lucis

178 3999 222 4064 ad
255 3999 469 4067 difficillimas
510 4001 552 4066 de
585 4003 801 4090 topographia
830 4001 1130 4089 Hierosolymitana
1166 4004 1375 4091 quaestiones
1409 3999 1632 4088 expediendas

177 4101 334 4187 afferunt3
375 4103 461 4170 conf.
485 4104 645 4170 Messmcr
665 4104 919 4190 Mittbeilungen
942 4104 1001 4170 der
1022 4103 1058 4170 k.
1078 4104 1113 4168 k.
1130 4103 1475 4171 Centralcommission
1498 4123 1526 4164 a.
1550 4100 1630 4166 1867

182 4227 215 4290 p.
236 4203 388 4286 LXVII,
415 4202 536 4269 Toblcr
565 4204 730 4292 Golgatha
756 4229 789 4293 p.
812 4207 891 4289 344,
923 4206 1017 4272 Beck
1049 4206 1115 4270 Die
1142 4205 1266 4270 Kirche
1294 4205 1352 4270 der
1379 4201 1631 4268 Benediktiner-

180 4303 270 4371 abici
293 4305 543 4389 Petershausen‚
558 4329 584 4372 s.
600 4307 623 4373 f.
661 4308 816 4394 Inprimis
839 4328 917 4372 vero
939 4307 1244 4391 memoratudigna
1265 4315 1351 4389 sunt,
1375 4326 1457 4393 quae
1479 4313 1575 4390 poeta
1597 4305 1631 4368 in

177 4407 275 4472 tertia
291 4405 427 4494 stropha
441 4406 483 4472 de
498 4429 590 4474 sacro
612 4408 696 4475 cubo
718 4420 794 4475 ante
817 4407 918 4474 scalas
927 4457 936 4491 ,
960 4407 1079 4495 quibus
1095 4411 1128 4472 in
1144 4407 1328 4494 sepulcrum
1343 4406 1468 4473 Christi
1496 4405 1630 4472 descen-

178 4507 314 4592 debant,
338 4506 495 4575 collocato
517 4510 654 4576 rettulit.
692 4511 775 4577 Cum
796 4520 905 4577 autem
927 4510 1103 4597 Matranga
1124 4507 1229 4575 locum
1252 4509 1484 4595 gravissimum
1506 4516 1539 4572 et
1561 4527 1630 4572 cor-

177 4609 315 4698 ruptelis
338 4611 503 4677 foedatum
526 4622 559 4677 ct
580 4611 695 4678 lacurm
716 4613 868 4680 haustum
891 4613 1065 4696 edidisset,
1086 4613 1151 4701 ipsi
1167 4609 1365 4694 Flaschium,
1387 4610 1518 4676 doctum
1541 4610 1631 4674 iuve-

177 4733 252 4778 nem
275 4723 346 4779 tum
366 4713 490 4780 Romae
511 4724 778 4797 commorantem,
802 4737 896 4802 quem
919 4713 1112 4802 disciplinae
1133 4713 1339 4780 Monacensis
1362 4723 1489 4800 gratam
1510 4733 1630 4777 memo-

177 4815 260 4880 riam
275 4836 409 4882 servare
423 4837 630 4901 noveramus,
653 4838 711 4906 per
732 4815 859 4883 litteras
881 4819 1086 4906 rogavimus,
1109 4827 1146 4883 ut
1167 4815 1312 4882 codicem
1335 4815 1440 4882 denuo
1462 4823 1631 4882 excuteret
