3886 5480
270 383 343 439 CXII
845 379 1128 437 Psouusousua.

269 539 410 609 constat,
439 537 472 594 et
500 528 632 594 nomina
659 526 715 592 illa
741 528 891 608 Δωρίου,
925 528 1060 604 Λυδίου,
1094 527 1235 606 Φρυγίου
1262 525 1387 605 τρόπου
1415 526 1593 612 Byzantini
1615 547 1679 591 non
1702 549 1722 590 a
1776 529 1782 542 '

269 633 337 696 suis
370 629 548 696 maioribus
581 630 704 694 tradita
725 629 920 716 accepisse,
954 628 1012 693 sed
1041 624 1209 693 doctrinae
1237 629 1377 713 speciem
1401 636 1444 692 ut
1469 627 1677 693 venditarent
1704 649 1721 691 e

235 741 238 745 '
269 731 448 797 Ptolemaei
463 744 675 817 veterumque
697 732 895 795 musicorum
917 729 1012 795 libris
1027 729 1152 793 eruisse
1167 729 1330 794 videntur.
1368 727 1482 809 Quid?
1505 728 1592 815 'quod
1614 731 1721 814 ipsum

270 855 387 897 nomen
414 834 504 912 ἤχων
534 853 655 897 novum
682 841 733 896 est
759 853 819 896 nec
847 855 867 895 a
895 832 1060 895 veteribus
1089 817 1304 916 scriptoribus
1333 829 1376 894 ad
1398 835 1525 915 genera‘
1540 830 1720 912 modorum,

270 957 354 1022 quae
376 935 518 1015 τρόπου(
541 932 597 997 vel¹
617 933 685 1013 εἴδη
708 934 885 1015 vocabant,
907 931 1123 1016 significanda
1143 941 1337 1017 usurpatum
1359 931 1434 996 fuit.
1477 931 1571 997 Notis
1594 953 1723 1018 quoque

270 1035 360 1120 aliis,
383 1057 481 1122 quam
502 1043 629 1100 veteres
654 1033 790 1116 Graeci,
814 1034 855 1098 ad
878 1034 990 1098 modos
1013 1032 1116 1098 literis
1138 1032 1342 1098 mandandos
1365 1034 1559 1116 utebantur3
1582 1034 1640 1098 sed
1661 1032 1722 1098 hoc

270 1159 310 1202 ne
332 1137 476 1220 miseria,
507 1145 654 1200 veterum
683 1133 882 1200 Graecorum
913 1145 1009 1199 notae
1028 1127 1174 1199 'musicae
1196 1145 1263 1200 tam
1286 1136 1472 1220 implicatae
1494 1143 1527 1199 ct
1549 1145 1616 1222 taqr
1638 1133 1721 1198 diffi-

152 1233 154 1236 ⁴
270 1239 348 1302 cilos
376 1246 409 1302 et
435 1237 476 1301 ad
505 1235 759 1320 intellegendum
788 1245 821 1300 et
848 1234 891 1298 ad
919 1236 1127 1301 scribendum
1160 1246 1268 1315 erant,
1301 1247 1337 1302 ut
1365 1258 1467 1301 novas
1497 1248 1530 1301 et
1558 1235 1721 1300 faciliores

269 1348 363 1404 notas
386 1361 426 1402 ne
449 1347 573 1402 mutata
595 1338 728 1424 quidem
749 1338 829 1401 artis
852 1338 995 1402 musicae
1025 1335 1197 1424 disciplina
1225 1336 1371 1403 sollertes
1394 1337 1538 1402 homines
1560 1358 1721 1402 commen-

270 1453 321 1506 tos
344 1455 415 1505 esse
436 1441 625 1526 neutiquam
647 1440 716 1503 veri
739 1437 896 1503 dissimile
918 1439 971 1506 sit.

353 1541 400 1607 Ut
421 1549 529 1606 autem
551 1539 677 1604 radices
700 1541 779 1604 artis
802 1540 946 1605 musicae
966 1540 1165 1626 byzuntinae
1188 1540 1296 1623 spissa
1310 1541 1450 1626 ealigine
1464 1541 1614 1606 obtectae
1636 1550 1721 1625 sunt,

269 1646 316 1708 ita
338 1643 528 1730 propagatio
556 1643 626 1707 eius
655 1641 697 1706 ad
726 1641 845 1706 latinas
873 1651 986 1725 gentes
1009 1652 1043 1707 et
1062 1642 1105 1706 ad
1128 1640 1346 1707 occidentales
1374 1651 1485 1728 partes
1509 1643 1662 1729 Europae
1688 1643 1724 1706 in

273 1745 384 1831 aprico
406 1744 514 1829 posita
536 1753 594 1807 est.
639 1742 715 1808 Una
736 1745 821 1816 enim
843 1765 918 1807 cum
939 1744 1065 1826 graecis
1088 1744 1303 1828 carminibus,
1331 1765 1415 1830 quae
1437 1745 1536 1808 etiam
1557 1744 1592 1808 in
1615 1743 1724 1810 Gallia

271 1844 463 1910 inclaruisse
479 1867 577 1930 supra
591 1868 624 1933 p.
637 1844 739 1910 XXV
755 1845 867 1929 docui,
888 1857 1004 1909 cantus
1020 1866 1148 1930 quoque
1172 1854 1206 1910 et
1226 1845 1350 1910 musica
1365 1845 1527 1912 institutio
1551 1869 1571 1910 a
1586 1845 1722 1910 Graecis

272 1948 314 2012 ad
336 1946 471 2012 Latinos
498 1944 658 2012 translata
684 1956 768 2012 sunt.
813 1948 923 2032 Atque
951 1945 1047 2010 huius
1075 1946 1207 2031 quidem
1234 1946 1280 2010 rei
1309 1949 1516 2034 apertissima
1537 1947 1724 2014 testimonia

271 2059 345 2114 octo
368 2058 528 2129 tonorum,
552 2049 607 2135 qui
622 2069 759 2133 graecae
774 2056 807 2112 et
820 2046 941 2112 latinae
964 2046 1120 2114 ecclesiae
1142 2069 1329 2113 communes
1352 2057 1455 2128 erant,
1477 2049 1608 2113 nomina
1629 2070 1721 2135 prae·

273 2153 360 2216 bem.
410 2149 524 2236 Neque
552 2151 638 2215 enim
667 2149 771 2214 solum
799 2149 966 2214 distinctio
994 2158 1144 2214 tonorum
1166 2148 1349 2236 plagiorum
1377 2151 1481 2234 (ἤχων
1502 2151 1663 2233 πλαγίων)
1690 2159 1723 2214 et

271 2251 502 2317 authentorum
528 2251 633 2333 (ἤχων
655 2251 820 2317 αὐθεντῶν
848 2250 919 2315 sive
946 2252 1080 2334 κυρίων)
1109 2272 1246 2334 graecae
1277 2253 1413 2336 originis
1441 2260 1506 2336 est,
1539 2251 1596 2334 scd
1623 2253 1723 2316 etiam

271 2362 382 2417 tonum
414 2351 554 2439 primum
583 2350 680 2417 latini
704 2351 852 2436 magistri
882 2348 979 2436 vulgo
1006 2360 1117 2416 tonum
1145 2361 1275 2437 protum
1302 2352 1471 2437 dicebant,
1498 2363 1536 2418 ut
1562 2375 1602 2418 ne
1630 2355 1665 2417 in
1688 2374 1722 2416 re

272 2454 372 2518 latino
405 2453 537 2540 quidem
569 2455 700 2516 nomine
727 2452 823 2518 facile
853 2451 993 2517 dicenda
1018 2474 1155 2538 graecae
1183 2453 1293 2540 stirpis
1321 2455 1463 2540 vestigia
1491 2455 1722 2540 relinquerent.

272 2553 347 2635 Quo
376 2565 484 2620 autem
513 2563 658 2640 ternpore
685 2553 766 2620 haec
794 2552 969 2639 disciplina
995 2564 1068 2620 octo
1091 2565 1239 2620 tonorum
1263 2555 1408 2640 exculta,
1435 2577 1500 2643 quo
1522 2555 1565 2620 ad
1586 2557 1722 2621 Latinos

272 2655 399 2742 perlata
427 2656 486 2740 sit,
519 2656 553 2719 in
581 2665 672 2745 tanta
700 2656 955 2722 testimoniorum
984 2657 1118 2742 penuria
1146 2656 1281 2722 difficile
1309 2656 1352 2722 ad
1383 2657 1635 2744 disceptandum
1662 2667 1721 2723 est.

272 2759 344 2824 Hoc
366 2767 493 2824 certum
515 2765 566 2821 est
586 2767 704 2823 octavo
727 2756 874 2838 saeculo,
904 2780 968 2843 quo
991 2757 1130 2824 Ioannes
1153 2758 1378 2823 Damascenus
1400 2760 1544 2824 carmina
1567 2759 1722 2826 Octoechi

271 2859 450 2925 secundum
479 2867 552 2923 octo
582 2867 676 2923 tonos
704 2857 882 2946 disposuit,
911 2859 994 2924 banc
1026 2858 1233 2946 disciplinam
1260 2861 1326 2924 iam
1354 2859 1580 2946 pervulgatam
1609 2861 1722 2926 fuisse.

272 2961 336 3026 Sed
364 2984 438 3026 cum
466 2959 659 3026 cathismata
686 2969 719 3025 et
746 2962 890 3046 troparia
919 2982 1081 3047 anonyma
1109 2963 1210 3025 multo
1238 2963 1419 3026 vetustiora
1441 2983 1513 3026 esse
1536 2963 1723 3046 videantur,

271 3063 380 3128 nescio
409 3085 450 3126 an
476 3063 543 3125 iarn
570 3061 719 3125 Anthimi
743 3071 775 3126 et
797 3061 953 3126 Timoclis
976 3071 1099 3144 aetate,
1128 3065 1184 3150 qui
1214 3064 1328 3151 quinto
1352 3063 1481 3129 saeculo
1504 3065 1723 3150 tropariorum

271 3174 387 3251 poetae
410 3163 560 3228 floruisse
582 3162 741 3246 feruntur,
764 3161 977 3228 fundamenta·
998 3163 1095 3228 buius
1118 3165 1198 3229 artis
1221 3165 1307 3229 iacta
1328 3164 1405 3231 siut.

356 3266 473 3330 Graeci
502 3285 580 3329 vero
607 3286 673 3329 non
700 3263 806 3328 solum
833 3265 990 3328 musicam
1018 3274 1121 3330 artem
1149 3265 1405 3331 ecelesiasticam
1433 3267 1645 3332 excoluerunt
1665 3290 1721 3332 ex·

271 3367 456 3454 cultamque
478 3366 521 3429 ad
543 3365 679 3430 Latinos
707 3367 927 3452 pertulerunt,
956 3365 1014 3431 sed
1036 3366 1136 3431 etiam
1157 3366 1258 3432 multo
1285 3368 1511 3452 integriorem,
1540 3391 1637 3455 quam
1659 3369 1722 3434 La-

272 3470 350 3551 tini,
373 3476 668 3552 conservaverunt,
697 3468 784 3532 unde
811 3465 930 3553 multa,
958 3490 1042 3554 quae
1064 3468 1098 3532 in
1120 3467 1377 3534 occidentalibus
1399 3470 1547 3556 partibus
1570 3469 1723 3557 Europae

271 3569 394 3636 dudum
417 3567 583 3635 oblivione
610 3572 728 3635 obruta
756 3579 847 3653 sunt,
874 3568 962 3657 apud
990 3570 1135 3635 Graecos
1158 3589 1262 3657 usque
1284 3570 1327 3635 ad
1349 3570 1436 3635 hunc
1459 3569 1545 3636 diem
1568 3571 1722 3658 perdura·

270 3681 358 3736 runt.
403 3669 458 3734 Sic
479 3680 666 3735 neumatum
689 3673 850 3758 scriptura
877 3669 966 3756 apud
987 3693 1047 3737 nos
1069 3672 1177 3736 medio
1200 3693 1281 3736 aevo
1302 3672 1344 3737 ad
1367 3673 1465 3737 finem
1487 3682 1643 3758 vergente
1665 3674 1721 3738 ob·

271 3772 400 3836 literata
422 3771 541 3835 atalia
563 3771 730 3838 scribendi
752 3773 866 3838 modos
888 3772 1028 3838 musicos
1049 3774 1176 3838 ratione
1199 3773 1350 3840 submota
1372 3784 1437 3857 est;
1461 3775 1581 3840 Graeci
1602 3776 1722 3842 veteri-

270 3875 334 3939 bus
356 3873 442 3938 notis
470 3871 618 3956 musicis,
646 3895 729 3958 quac
756 3873 918 3938 neumatis
946 3883 1103 3958 cognatae
1125 3883 1228 3958 sunt„
1243 3875 1431 3940 etiamnunc
1452 3877 1552 3962 vulgo
1574 3886 1721 3942 utuntur.

271 3974 407 4038 Latinas
435 3995 513 4039 vero
543 3975 745 4060 sequentias,
772 3977 898 4061 graecis
921 3977 1073 4062 tropariis
1096 3976 1295 4058 simillimas,
1325 3987 1497 4063 postquam
1520 3978 1584 4041 iarn
1607 3978 1666 4042 diu
1688 3979 1722 4041 in

272 4075 410 4141 ecclesia
431 4077 555 4144 cantari
577 4076 756 4160 desierunt,
779 4086 891 4142 nostra
911 4078 1066 4143 memoria
1081 4078 1145 4142 viri
1164 4077 1254 4148 docti
1276 4099 1317 4142 ex
1342 4077 1611 4144 bibliothecarum
1633 4089 1721 4145 tene-

273 4178 340 4242 bris
364 4178 471 4243 denuu
493 4177 527 4242 in
549 4178 655 4242 lucem
683 4187 930 4266 protraxerunt3
960 4182 1085 4264 graecia
1108 4179 1144 4242 in
1166 4178 1313 4244 ecclesiis
1336 4189 1449 4244 vetera
1474 4180 1669 4248 eathismata
1690 4191 1723 4246 et

271 4281 432 4368 troparia‚
456 4302 539 4366 quae
560 4282 738 4366 sequentiis
761 4279 827 4345 illis
843 4278 896 4346 vel
911 4283 1091 4346 vetustiora
1107 4290 1197 4362 sunt,
1220 4281 1337 4345 iisdem
1358 4281 1481 4364 modis,
1505 4282 1624 4368 quibus
1646 4293 1722 4350 ante

270 4382 344 4463 plus
367 4404 463 4469 quarn
486 4382 575 4447 mille
596 4405 715 4464 annos,
744 4385 842 4448 etiam
872 4381 970 4449 hodie
992 4391 1176 4466 cantantur.
1221 4381 1316 4462 Quae
1338 4403 1411 4446 cum
1432 4383 1480 4448 ita
1502 4385 1584 4466 sint,
1606 4393 1722 4449 cantus

271 4482 429 4548 ecelesiae
450 4505 588 4568 graecae
610 4483 712 4549 multa
734 4483 916 4570 singularia
937 4483 1050 4567 habet,
1078 4505 1119 4548 ex
1147 4485 1373 4549 remotissimis
1403 4485 1606 4570 temporibus
1628 4486 1722 4572 quasi

273 4583 452 4650 hereditate
475 4594 610 4671 accepta
631 4607 691 4650 nec
713 4585 854 4650 multum
882 4583 932 4648 his
955 4575 1155 4671 temporibus
1177 4587 1319 4668 variata,
1348 4607 1431 4672 quae
1458 4586 1524 4650 iam
1554 4589 1724 4654 succincta

273 4687 419 4751 oratione
442 4707 612 4771 exponam.

357 4789 467 4873 Atque
501 4787 640 4872 primurn
675 4788 807 4872 quidem
843 4788 1065 4853 vetustissimo
1097 4810 1187 4852 more
1218 4787 1420 4874 antiphonici
1446 4799 1563 4855 cantus
1592 4800 1721 4856 servato
