3800 5474
517 395 584 448 LlB.
600 395 619 448 l.
649 393 696 448 DE
713 393 840 448 POETIS
856 393 1084 448 CHRISTIANIS
1100 392 1264 447 GRAECIS.
1522 393 1617 448 XXXI

162 541 258 607 modo
286 539 487 622 rettulimus,
517 541 778 607 testimoniorum
807 541 983 627 scriptores
1011 561 1077 607 non
1105 539 1201 605 modo
1229 537 1312 604 nihil
1334 537 1415 603 certi
1436 539 1479 603 de
1500 538 1561 604 hac
1583 563 1619 604 re

163 643 338 708 memoriae
366 642 597 729 prodiderunt,
627 643 686 708 sed
714 643 813 707 etium
840 643 1037 708 mentionem
1065 663 1243 724 canonum,
1272 641 1328 728 qui
1355 639 1523 729 aliquanto
1545 651 1619 729 post

162 743 384 809 inclaruerunt
406 744 508 829 (conf.
531 746 685 829 Beirrage
708 744 741 813 S.
763 745 806 809 26
829 744 893 829 fit),
916 743 1000 810 falso
1022 742 1238 832 interpolasse
1260 743 1422 810 videntur.
1467 742 1616 809 Abbates

162 846 265 931 igitar
286 846 425 911 Ioannes
448 856 482 910 et
503 846 704 933 sophronius
733 845 788 910 dic
816 845 980 910 dominica
1007 847 1041 910 in
1068 867 1222 910 cacumen
1250 846 1371 912 montis
1399 845 1478 910 Sina
1506 867 1616 912 ascen-

163 949 296 1029 derunt,
329 947 385 1011 ubi
413 946 509 1013 Nilus
543 969 645 1012 senex
677 969 751 1011 cum
788 947 915 1012 duobus
953 947 1125 1035 discipulis
1158 947 1288 1032 agebat.
1340 945 1411 1011 Hos
1449 968 1522 1012 cum
1555 950 1617 1014 sub
1664 1019 1670 1030 ¹

164 1070 337 1136 vesperum
359 1050 607 1131 convenissent,
635 1049 744 1114 mirati
766 1059 843 1114 sunt
864 1071 1000 1114 severae
1022 1059 1055 1114 ct
1076 1049 1229 1136 antiquae
1252 1048 1446 1136 disciplinae
1467 1049 1617 1115 addictos

162 1173 291 1218 omnem
307 1153 486 1216 carminum
501 1150 736 1238 modorumque
758 1153 954 1218 suavitatem
975 1172 1139 1238 respuere.
1183 1151 1380 1237 Vespcrtina
1402 1151 1487 1215 enim
1509 1151 1618 1217 officia

133 1245 140 1255 “
164 1263 337 1340 postquam
360 1250 456 1317 Nilus
485 1273 586 1316 senex
614 1251 725 1317 verbis
747 1255 839 1322 Δόξα
866 1261 912 1338 τῷ
935 1255 1030 1334 πατρὶ
1057 1256 1174 1338 καὶτῷ
1196 1254 1255 1338 υἱῷ
1277 1253 1326 1318 καί
1348 1260 1394 1338 τῷ
1416 1253 1498 1338 ἁγίῳ
1520 1255 1617 1322 πνεύ-

162 1377 235 1434 ματι
264 1377 398 1420 exorsus
428 1364 492 1436 cst,
521 1355 664 1440 psalmos
692 1353 834 1418 Davidis
865 1356 1007 1439 primum
1035 1363 1068 1420 et
1095 1355 1308 1420 centesimum
1334 1353 1618 1440 quadragesimum

127 1506 132 1513 .
163 1457 234 1520 sine
256 1457 409 1544 tropariis
431 1457 652 1520 recitaverunt
674 1465 707 1520 et
728 1477 840 1542 preces
862 1457 1049 1521 notissimas
1072 1457 1146 1522 Φῶς
1168 1456 1282 1536 ἱλαρὸν
1305 1464 1338 1519 et
1363 1457 1561 1524 Καταξίωςον
1585 1466 1618 1522 et

163 1559 206 1622 ud
229 1569 429 1645 postremum
453 1557 625 1644 Symecnis
648 1559 750 1622 verba
778 1559 844 1626 Νὓν
867 1557 1020 1624 ἀπολύεις
1042 1583 1069 1625 κ.
1092 1580 1119 1624 τ.
1142 1561 1169 1623 λ.
1192 1557 1443 1623 subiunxerunt.
1487 1557 1618 1623 Deinde

164 1661 272 1726 ecnuti
295 1681 415 1745 magna
436 1659 561 1742 cilicia,
585 1681 668 1745 quae
689 1660 823 1724 canonis
844 1661 975 1724 nomine
997 1659 1232 1745 significantur,
1253 1681 1409 1746 peragere
1429 1670 1628 1747 coeperunt..

163 1766 275 1849 Atque
302 1764 445 1848 primum
472 1761 604 1846 quidem
633 1759 880 1848 hexapsalmum
903 1763 974 1827 sive
996 1760 1137 1848 psalmos
1159 1761 1196 1842 3,
1219 1761 1272 1844 37,
1295 1761 1352 1843 62,
1376 1762 1428 1842 87,
1454 1763 1531 1845 102,
1557 1762 1618 1842 142

163 1865 342 1929 recitarunt
364 1863 574 1950 recitatisque
596 1883 709 1949 preces
723 1863 833 1944 Πάτερ
854 1864 928 1943 ἡμῖν
950 1864 986 1932 ἐν
1008 1867 1077 1929 τοῖς
1099 1863 1252 1943 οὐρανοῖς
1273 1885 1299 1927 κ
1314 1865 1384 1929 τ.λ
1406 1862 1614 1930 addiderunt.

162 1965 247 2029 'lum
269 1987 381 2030 omnes
404 1975 532 2031 centum
557 1973 589 2028 et
611 1965 848 2050 quinquaginta
870 1963 1011 2052 psalmos
1034 1963 1198 2028 submissa
1220 1985 1301 2028 voca
1322 1964 1369 2028 ita
1390 1964 1556 2048 dixerunt,
1579 1975 1616 2031 ut

163 2069 197 2130 in
219 2075 286 2133 trcs
309 2077 418 2154 partes
434 2066 622 2152 (ςτάςεις)*)
645 2087 699 2130 eos
714 2066 916 2152 partirentur
930 2075 963 2131 et
978 2075 1052 2152 post
1067 2065 1205 2152 primam
1227 2063 1421 2130 catholicam
1444 2066 1615 2154 epistolam

163 2168 291 2253 lucebi,
313 2178 388 2256 post
410 2167 587 2234 secundam
609 2169 715 2250 Petri,
738 2177 813 2254 post
834 2168 965 2232 tertiam
988 2168 1119 2234 loannis
1142 2167 1298 2253 legerent.
1336 2167 1457 2234 Finitis
1480 2160 1615 2256 psalmis

164 2279 198 2334 ct
225 2269 394 2336 catholicis
424 2269 570 2357 epistolis
597 2290 716 2335 novem
745 2271 873 2333 cantica
901 2291 994 2334 sacra
1021 2269 1160 2335 recitare
1187 2278 1379 2356 coeperunt,
1406 2291 1512 2357 neque
1542 2280 1626 2358 post·

162 2373 296 2437 tertium
320 2382 353 2438 et
374 2381 502 2437 sextum
526 2372 688 2436 canticum
710 2371 872 2454 mercdis,
896 2371 955 2435 sed
976 2392 1090 2457 preces
1112 2372 1221 2452 Πάτερ
1243 2374 1333 2452 ἡμῶν
1357 2381 1390 2436 et
1413 2373 1504 2452 Κύριε
1526 2373 1614 2453 ἐλέη-

163 2494 219 2540 ςυν
242 2475 515 2538 intertcxuerunt.
557 2465 689 2552 Deinde
717 2471 914 2560 psalmorum
941 2473 1132 2539 recitatione
1159 2471 1266 2538 denuo
1293 2473 1382 2537 factu
1409 2473 1521 2542 οἴνους
1544 2476 1616 2539 sive

162 2573 306 2662 psalmos
329 2574 433 2640 OIlL.
456 2575 542 2640 CIL.
566 2574 627 2639 GL
645 2574 815 2656 dixerunt,
843 2595 885 2638 ne
912 2574 962 2638 his
991 2575 1123 2661 quidem
1146 2575 1290 2662 troparia
1311 2575 1517 2640 adiicientes.
1560 2573 1615 2638 Ad

162 2684 364 2762 postremum
392 2675 601 2761 do'xologium
626 2676 806 2741 recitarunt
828 2685 860 2740 ct
882 2674 1034 2762 precibus
1061 2676 1186 2762 aliquot
1211 2675 1349 2742 adiectis
1377 2675 1474 2740 finem
1497 2675 1615 2741 officiis

163 2777 321 2843 lecerunt.
1013 2864 1015 2869 .

248 2879 339 2944 Haec
366 2880 469 2966 igitur
496 2879 604 2944 officia
625 2879 668 2944 ab
689 2879 809 2945 abbate
831 2879 907 2944 Nilo
935 2880 970 2943 in
999 2888 1109 2944 monte
1131 2879 1211 2945 Sina
1238 2888 1332 2946 sexto
1354 2879 1482 2946 saeculo
1504 2880 1615 2946 obser·

164 2989 254 3062 vata,
282 3005 302 3046 a
323 2982 442 3068 quibus
465 3003 547 3068 quae
570 2983 668 3045 etiam
689 2975 776 3046 nunc
797 2982 831 3046 in
853 3004 917 3046 usu
938 2989 1015 3046 sunt
1042 2980 1150 3046 officia
1172 2981 1360 3069 vespertina
1383 2981 1560 3066 (ἑςπερινά)
1583 2991 1615 3046 et

162 3085 325 3149 matutina
353 3084 542 3168 (ἀκολουθία
563 3088 621 3150 τοῦ
642 3083 777 3167 ὄρθρου)
806 3105 871 3147 non
899 3082 1037 3148 multum
1065 3082 1236 3165 differunt,
1264 3083 1417 3170 tropariis
1440 3094 1473 3149 et
1495 3083 1615 3149 cathis·

162 3305 334 3360 άναττόντετ
356 3305 499 3372 ἠρξάμεθα
521 3306 575 3371 τὴν
597 3299 622 3369 γ’
641 3304 748 3371 ςτάςιν,
771 3307 817 3358 καί
840 3305 1042 3372 πληρῶςαντες
1063 3307 1131 3360 τοὺς
1154 3300 1197 3372 ρν’
1214 3306 1344 3372 ψαλμοὺς
1368 3307 1414 3360 καί
1432 3303 1563 3358 εἰπόντες
1580 3304 1615 3355 τὸ

161 3389 261 3456 Πάτερ
278 3391 360 3456 ἡμῶν
378 3391 424 3444 καί
441 3389 476 3443 τό
495 3389 576 3456 Κύριε
599 3390 724 3456 ἐλὲηςον,
749 3389 939 3455 ἐκαθέετημεν
961 3392 1007 3444 καί
1030 3392 1137 3445 ἔδωκεν
1155 3391 1217 3455 ἐμοί
1236 3391 1252 3444 ό
1270 3390 1365 3456 γέρων
1382 3391 1437 3455 τὴν
1456 3387 1552 3454 βίβλον
1570 3388 1615 3441 καί

162 3473 312 3540 άνὲγνωκα
329 3477 384 3541 τὴν
401 3475 553 3540 καθολικὴν
572 3474 703 3527 Ἰωάννου
722 3475 767 3527 καί
785 3473 956 3528 άναςτάντες
974 3475 1115 3541 ἠρξάμεθα
1135 3474 1186 3528 τός
1204 3474 1279 3541 ᾠδάς
1297 3473 1408 3527 όνὲτως
1425 3473 1493 3526 όνευ
1510 3487 1615 3538 τροπα-

162 3559 243 3625 ρίων,
261 3561 307 3612 καί
325 3560 392 3613 οὔτε
411 3557 450 3612 εἰς
467 3560 521 3625 τὴν
539 3553 565 3622 γ’
583 3559 670 3626 ᾠδὴν,
689 3559 756 3610 οὔτε
775 3557 814 3611 εἰς
832 3561 886 3624 τὴν
904 3555 928 3616 ς’
941 3559 1112 3625 ἐποιὴςαμεν
1130 3558 1275 3625 μεςῴόιον,
1288 3557 1361 3610 όλλά
1372 3557 1406 3608 τό
1418 3556 1515 3622 Πάτερ
1533 3557 1615 3622 ἡμῶν

162 3643 209 3695 καί
226 3644 261 3696 τὸ
280 3643 362 3709 Κύριε
380 3642 511 3709 ἐλέητον·
535 3644 579 3695 καί
599 3641 729 3696 εἰπόντες
746 3644 813 3696 τοὺς
832 3643 929 3696 οἴνους
947 3642 1016 3696 άνευ
1033 3642 1198 3709 τροπαρίων
1216 3642 1339 3708 ἤρξαντο
1356 3642 1391 3694 τό
1408 3641 1487 3696 Δόξα
1504 3640 1535 3694 ἐν
1552 3639 1615 3707 sut·

162 3741 237 3781 ςτοις
255 3727 306 3781 τόν
323 3731 359 3796 τῇ
378 3725 467 3781 πίςτει
486 3728 531 3780 καί
551 3727 587 3780 τό
607 3725 704 3793 Πάτερ
725 3725 809 3791 ήμῶν
827 3728 925 3782 καὶτὸ
948 3727 1030 3794 Κύριε
1057 3727 1182 3794 ἐλὲηςον·
1211 3727 1386 3794 προςεθηκεν
1412 3723 1464 3780 οὖν
1484 3726 1501 3778 ὁ
1522 3725 1616 3791 γέρων

162 3813 268 3875 λέγων·
298 3811 355 3866 ‘ru
376 3814 422 3864 καί
445 3813 513 3877 λόγε
534 3815 586 3865 του
610 3814 677 3865 θεοῦ
703 3813 791 3877 ’incuti
813 3811 923 3878 Χριςτὲ,
947 3812 1046 3866 όθεός
1069 3811 1161 3877 ἡμῶν,
1185 3811 1302 3880 ὲλέηςον
1319 3812 1393 3877 ἡμᾶς
1411 3812 1457 3864 καί
1476 3810 1616 3876 βαήθηςον

163 3897 210 3949 καί
228 3899 319 3949 ςῶςον
335 3897 387 3951 τάς
404 3897 496 3963 ψυχάς
513 3897 604 3962 ἡμῶν,
641 3897 686 3949 καί
705 3894 851 3952 εἰπόντων
868 3897 951 3962 ἡμῶν
968 3897 1003 3952 τό
1021 3897 1111 3963 Ἀμὴν
1129 3897 1326 3964 ἐκαθέςτημεν.

233 3981 283 4034 Καὶ
305 3981 381 4046 λέγω
404 3985 448 4048 τῷ
470 3981 594 4047 γέροντι·
621 3980 707 4046 διατί,
731 3980 814 4045 άββθ,
839 3981 873 4034 οὐ
896 3981 1057 4048 φυλάττετε
1075 3982 1129 4046 τὴν
1146 3982 1225 4036 τάξιν
1243 3984 1295 4048 τῆς
1313 3983 1465 4048 καθολικής
1483 3981 1529 4034 καί
1548 3979 1617 4032 άπο·

162 4066 292 4131 ςτολικῆς
315 4064 473 4132 ἐκκληςίαςς
497 4067 541 4119 καί
564 4065 638 4129 λέγει
658 4081 702 4129 μοι
721 4066 737 4117 ό
754 4065 862 4130 γέρων·
879 4066 896 4118 ὁ
914 4068 951 4132 μὴ
969 4067 1126 4133 φυλάττων
1148 4069 1202 4132 τὴν
1223 4065 1304 4122 τάξιν
1326 4069 1378 4132 τῆς
1401 4067 1553 4131 καθολικῆς
1571 4065 1616 4117 καί

161 4150 350 4216 άποςτολικῆς
368 4149 513 4218 ἐκκληςίας
531 4150 602 4203 ἔςτω
620 4149 746 4213 ἀνάθεμα
764 4151 810 4202 καί
828 4149 860 4202 ἐν
877 4154 919 4217 τῶ
938 4151 992 4204 νῦν
1014 4137 1097 4204 αἰῶνι
1119 4153 1165 4204 καί
1183 4151 1215 4203 ἐν
1232 4155 1275 4216 τῷ
1294 4150 1435 4215 μέλλοντι.
1473 4147 1521 4200 Καὶ
1540 4148 1616 4212 λέγω

162 4233 258 4300 αὐτῷ·
284 4235 347 4286 πῶς
373 4234 405 4288 ςὺ
431 4235 518 4288 αὐτὸς
540 4234 574 4286 οὐ
598 4233 715 4299 ψάλλεις
738 4231 778 4287 εἰς
800 4235 836 4287 τά
858 4235 987 4302 ἑςπερινὰ
1009 4239 1061 4302 τῆς
1084 4235 1164 4300 άγίας
1188 4237 1320 4302 κυριοκῆς
1337 4234 1404 4286 οὔτε
1423 4231 1463 4286 εἰς
1480 4233 1515 4284 τό
1535 4231 1615 4298 Κύριε

161 4318 297 4384 ἐκέκραξα
314 4319 462 4385 τροπάριο,
480 4319 547 4372 οὔτε
566 4318 605 4372 εἰς
623 4319 658 4372 τό
676 4318 744 4371 Φῶς
762 4319 862 4386 ἰλαράν
878 4319 1042 4386 τροπάριον,
1055 4319 1122 4373 οὔτε
1135 4318 1175 4372 εἰς
1187 4319 1240 4372 τόν
1253 4317 1361 4371 κανόνα
1372 4317 1407 4370 τό
1420 4315 1493 4370 θεὸς
1511 4316 1615 4382 κύριος,

161 4403 231 4457 οὔτε
250 4401 291 4457 εἰς
308 4404 363 4468 τὴν
382 4403 557 4468 ςτιχολογίαν
568 4407 629 4458 τῶν
640 4404 762 4468 ψαλμῶν
775 4403 928 4468 καθίςμοτα
940 4403 1126 4468 άναπαύςιμα,
1144 4403 1212 4456 οὔτε
1231 4399 1340 4458 εἰςτάς
1357 4402 1432 4468 ῴδάς
1450 4404 1511 4454 τῶν
1528 4405 1615 4467 τριῶν

161 4487 274 4541 παίδων
300 4487 454 4554 τροπάρια;
481 4487 548 4542 ἀλλ’
565 4488 632 4541 οὔτε
650 4486 690 4542 εἰς
707 4486 742 4540 τό
761 4486 922 4552 Μεγαλύνει
939 4488 974 4540 τό
991 4487 1073 4542 Πάεα
1090 4488 1180 4554 πνοὴ,
1204 4485 1271 4540 ἀλλ’
1288 4485 1356 4539 οὔτε
1374 4484 1414 4539 εἰς
1431 4486 1486 4553 τὴν
1503 4486 1615 4540 δοξολο-
1714 4545 1720 4550 ,

160 4571 228 4636 rtur
246 4575 300 4638 τήν
319 4572 479 4626 Ἀνάςταςιν
497 4575 548 4624 τοῦ
568 4575 707 4639 (articam
935 4638 940 4650 ³

231 4657 255 4721 ³)
274 4656 387 4711 (τάςεις
405 4657 571 4725 psalmorum
590 4663 683 4724 partes
701 4657 863 4724 audiebant,
877 4659 957 4724 quod,
970 4675 1032 4710 cum
1051 4659 1179 4710 sedentes
1199 4657 1378 4724 epistolarum
1397 4653 1613 4724 praelectionem
1687 4675 1691 4684 ·

161 4743 306 4807 audirent,
325 4749 433 4795 stantes
452 4743 572 4809 psalmos
590 4743 759 4804 recitabant,
785 4758 864 4808 quem
888 4759 990 4794 morem
1008 4743 1174 4796 testimoniis
1192 4747 1315 4795 veterum
1335 4743 1499 4809 scriptorum
1518 4741 1614 4794 allatis

159 4831 331 4895 interpretes
350 4829 480 4880 Cassiani
498 4829 587 4879 instit.
607 4829 643 4894 Π,
661 4831 677 4880 ά
695 4827 910 4885 illustraverant.
1098 4815 1099 4818 ¹
