3886 5480
339 373 405 427 LIB.
422 373 467 428 111.
490 373 538 426 ΒΕ
554 369 779 426 RHYTHMlOlS
795 371 946 426 LEGIBUS
962 367 1158 425 CARMINUM
1173 367 1473 424 BYZANTINORUM.
1574 369 1634 425 Clll

229 521 310 586 Ἰδοὺ
333 525 405 596 νῦν,
428 519 575 600 ἀδελφοὶ,
598 519 789 598 ἡςυχάςοτε,

229 629 275 706 τῷ
298 623 432 705 κειμένῳ
455 622 571 685 λοιπὸν
594 623 634 700 μὴ
657 620 823 700 ὀχλήςατε,

229 724 418 803 ἠρεμήςατε,
442 723 623 804 θόρυβον*)
647 721 769 798 λύςατε,

228 827 340 890 καὶτὸ
362 825 443 906 μέγα
464 825 634 903 μυςτήριον
658 823 802 904 βλέπετε,

228 930 355 1008 φοβερᾷ
378 927 448 1010 ὼρᾷ
470 925 661 1004 ςιωπήεατε,

230 1027 285 1093 ἵνα
307 1028 378 1108 μετ’
400 1027 527 1108 εἰρήνης

226 1129 246 1206 ἡ
269 1131 356 1209 ννιὴ
379 1129 505 1212 ἐξέλθῃ,

228 1231 271 1295 εἰς
293 1229 406 1306 ἀγῶνα
427 1232 489 1309 γὰρ
511 1231 610 1310 μέγαν
635 1230 832 1310 ςυνέρχεται,

227 1333 278 1396 καί
292 1332 388 1414 φόβῳ
404 1334 517 1416 πολλῷ
532 1337 663 1414 ουςωπῇ
678 1332 737 1398 τὸν
751 1331 894 1410 Χριςτόν.

267 1466 459 1531 Prosodiaci
491 1488 568 1532 vero
602 1468 674 1530 sive
706 1465 861 1551 dactylici
896 1488 1010 1530 versus
1039 1466 1188 1530 anacrusi
1221 1468 1309 1530 aucti
1338 1466 1484 1552 plerique
1517 1489 1631 1531 versus

182 1569 331 1652 egregiae
353 1569 476 1654 primae
499 1567 582 1635 odae
603 1569 735 1653 septimi
758 1571 891 1633 canonis
915 1568 1046 1634 loannis
1070 1566 1266 1631 Damasceni
1288 1577 1377 1633 sunt:

469 2111 601 2178 Ἀνοίξω
623 2114 661 2177 τὸ
684 2111 782 2194 ςτόμα
803 2133 865 2194 μου
887 2113 892 2198 Ι
915 2115 967 2178 καὶ
989 2112 1228 2191 πληρωθήςεται
1250 2112 1442 2190 πνεύματος,
1497 2189 1503 2200 ·

467 2214 517 2278 καὶ
538 2213 641 2291 λόγον
663 2213 829 2293 ἐρεύξομαι
852 2217 856 2296 Ι
880 2222 917 2300 τῇ
941 2216 1071 2296 βαςιλίδι
1093 2217 1200 2296 μητρί·

466 2317 517 2380 καὶ
539 2315 721 2398 ύφθήςομαι
744 2316 747 2398 l
771 2320 917 2396 φαιδρῶς
939 2317 1173 2396 πανηγυρίζων,

467 2419 517 2482 καί
539 2418 606 2500 ᾄςω
628 2416 806 2497 γηθόμενος
830 2419 835 2502 Ι
859 2418 973 2496 ταύτης
995 2418 1035 2482 τὰ
1057 2419 1208 2496 θαύματα.

264 2550 409 2616 lambiea
431 2561 539 2616 autem
563 2552 661 2658 dicae!
675 2549 844 2638 apostioha
865 2575 898 2639 p.
920 2551 977 2615 84:

382 2671 536 2738 Λυθέντες
557 2675 625 2738 τῶν
648 2676 771 2753 δεςμιίιν

380 2775 436 2850 τῆς
457 2775 556 2838 πάλαι
578 2772 760 2852 καταδίκης,

381 2875 484 2939 πιςτοί
507 2880 644 2955 εταυρού
666 2883 712 2958 τῷ
734 2875 820 2958 ξύλῳ

381 2976 439 3041 τὸν
464 2977 499 3041 ἐν
522 2975 609 3061 αὐτῷ
632 2978 775 3054 παγέντα

381 3078 516 3158 Χριςτόν
540 3079 806 3156 δοξολογήςομεν,

261 3211 398 3276 Iambici
420 3235 493 3277 cum
515 3212 687 3277 trochaicis
711 3212 860 3277 versibus
883 3213 1061 3279 consociati
1083 3214 1215 3277 suntin
1238 3213 1403 3280 Theodori
1426 3235 1501 3295 ςτιχ.
1517 3237 1548 3301 p.
1565 3213 1624 3278 83:

218 3332 285 3410 Τὴν
307 3334 431 3412 μνήμην
453 3333 659 3398 ἐκτελοῦντες
680 3331 747 3401 τῶν
768 3334 938 3413 μαρτύρων

217 3434 317 3516 κυρίῳ
340 3433 581 3514 ἀναπέμψωμεν
604 3436 680 3500 τοὺς
703 3435 822 3515 ὕμνους

218 3535 355 3614 ςήμερον
379 3537 384 3618 Ι
409 3535 529 3601 ἐνθέως
551 3537 809 3617 εὐφραινόμενοι.

173 3661 207 3715 et
229 3651 361 3718 inverso
384 3653 499 3719 ordine
521 3653 556 3717 in
578 3655 745 3734 ἐγκωμίοις
768 3655 877 3739 magni
898 3653 1027 3718 sabbati
1051 3655 1179 3740 (Τριῳο.
1202 3654 1296 3739 405);

420 3775 531 3852 Δεῦρο
553 3778 639 3838 πᾶςα
659 3775 753 3841 κτίςις

422 3874 542 3954 ὕμνους
565 3875 709 3942 ἐξοδίους

419 3976 632 4057 προεοίςομεν
654 3985 700 4060 τῷ
722 3977 836 4062 κτίςτῃ.

171 4104 205 4157 ct
227 4094 261 4156 in
284 4091 402 4179 pusillo
424 4095 566 4180 tropario
588 4096 704 4179 Ῐριῳδ.
728 4118 760 4181 p.
782 4095 861 4160 233:

215 4212 281 4278 Τὸν
304 4213 441 4291 ςταυρόν
465 4234 523 4279 εου
545 4218 798 4294 προςκυνούμεν,
821 4215 975 4292 δέςποτα,

214 4315 266 4378 καλ
287 4315 345 4391 τὴν
367 4313 461 4390 ἁγίαν
483 4335 540 4380 ceu
563 4315 731 4382 ἀνάεταςιν
755 4317 938 4398 δοξάζομεν.

169 4431 244 4495 Ηοο
267 4453 394 4517 quoque
416 4454 658 4520 nonnumquam
680 4433 805 4497 factum
827 4443 892 4516 eat,
915 4443 952 4498 ut
967 4435 1100 4500 iambici
1115 4433 1168 4498 vel
1184 4432 1340 4499 trochaici
1356 4431 1509 4498 versiculi
1531 4441 1618 4518 loga·

168 4532 286 4597 oediea
307 4532 455 4598 clausula
477 4533 680 4614 claudantur,
704 4545 741 4600 ut
763 4537 796 4600 in
819 4535 1001 4624 apolytikio
1023 4535 1058 4600 II
1081 4560 1112 4621 p.
1128 4536 1185 4600 88:

174 4655 404 4664 -—--—-.--·-

239 4721 264 4787 ⁸)
282 4720 404 4786 θορύβου
423 4723 514 4783 Pitra;
538 4724 609 4774 idem
628 4725 700 4776 salso
718 4723 736 4787 ἡ
756 4725 831 4789 ψυχὴ
849 4723 945 4790 ἐξέλθῃ
964 4731 1026 4792 post
1044 4723 1083 4778 εἰς
1101 4724 1198 4788 ἀγῶνα
1215 4725 1270 4789 γὰρ
1288 4725 1375 4788 μέγαν
1393 4722 1553 4788 ςυνὲρχεται
1571 4742 1617 4792 ρο-

165 4808 239 4868 suit,
258 4807 369 4872 aliaque
388 4823 559 4859 numerorum
577 4809 686 4874 leffi'bua
704 4825 758 4860 non
777 4811 931 4876 pcnpcctis
949 4817 1052 4862 temore
1071 4811 1195 4861 mutavit.
