3800 5474
256 353 319 407 Vlll
874 348 1086 406 PRAEFATIO.

254 500 379 580 roiano,
392 497 650 563 archimandrita
664 497 876 582 Tergestino,
900 496 1113 561 commodatis
1128 494 1354 560 illustrandam
1371 497 1568 560 curavimus.
1591 495 1709 560 Latine

255 600 342 687 quod
366 598 407 664 de
429 598 480 664 his
510 598 606 670 rebus
636 597 894 686 disputavimus,
922 619 1038 662 vereor
1059 619 1100 661 ne
1123 595 1234 679 multi,
1263 598 1453 684 praesertim
1476 598 1609 677 musici,
1640 599 1707 683 qui,

255 724 329 766 cum
356 723 472 788 parum
505 699 606 766 latine
639 699 794 780 calleant,
829 711 936 763 tamen
969 708 1072 764 artem
1102 698 1192 763 illam
1226 697 1422 784 singularem
1457 691 1708 784 byzantinorum

176 873 179 880 ,
255 802 456 868 melodorum
478 823 675 887 cognoscere
697 801 847 888 cupiant,
870 800 1057 886 vituperent
1080 811 1110 864 et
1134 810 1387 887 conquerantur,
1410 811 1442 864 et
1465 799 1583 882 multo,
1607 801 1635 864 si
1658 798 1709 864 dis

255 904 378 992 placet,
415 903 580 968 lubentius
607 904 677 990 ipse
711 903 817 989 patria
849 901 963 987 lingua
989 924 1068 966 usus
1098 922 1217 982 essem,
1253 901 1373 996 sedin
1402 900 1485 966 libro
1514 901 1554 966 de
1581 901 1707 986 graecis

255 1005 416 1071 rebusad
440 1003 585 1071 Graecos
612 1005 817 1091 potissimum
845 1004 1004 1070 mittendo
1028 1018 1061 1068 et
1082 1004 1224 1068 omnium
1253 1003 1421 1067 nationum
1451 1004 1617 1068 bominum
1646 1002 1708 1068 ele·

255 1109 457 1194 gantiorum,
487 1105 606 1192 quibus
635 1106 714 1171 haec
745 1105 855 1171 studia
877 1105 967 1170 cordi
995 1115 1085 1184 sunt,
1114 1104 1188 1169 usui
1216 1103 1379 1169 destinato
1409 1126 1482 1169 cum
1509 1116 1566 1169 aut
1593 1126 1709 1190 graece

257 1219 314 1273 aut
336 1209 436 1274 latine
459 1209 537 1273 mihi
561 1209 756 1295 loquendum
779 1229 850 1272 esse
872 1205 1125 1287 intellexissem,
1150 1227 1187 1269 ea
1209 1203 1322 1290 lingua
1343 1206 1391 1271 uti
1415 1205 1529 1288 malui,
1559 1229 1623 1293 qua
1645 1208 1708 1271 viri

256 1311 343 1375 docti
373 1310 576 1375 diversarum
606 1311 774 1374 nationum
802 1319 835 1373 et
861 1306 940 1373 olim
966 1308 1002 1372 in
1030 1307 1188 1372 sermonis
1217 1308 1418 1373 commerciis
1447 1309 1498 1372 usi
1527 1318 1620 1372 crant
1648 1300 1707 1373 nec

254 1434 341 1476 nunc
363 1412 412 1477 uti
434 1433 567 1498 prorsus
590 1411 798 1477 destiterunt.
1233 1427 1237 1434 ’

341 1513 496 1592 Carmina
522 1514 594 1600 ipsa
619 1514 667 1598 ita
694 1512 833 1596 digessi,
867 1521 903 1577 ut
934 1522 1043 1575 vetera
1069 1532 1089 1574 a
1123 1511 1308 1596 byzantinis
1344 1511 1564 1597 seiungerem,
1596 1514 1629 1576 in
1657 1512 1708 1578 his

253 1625 363 1680 autem
400 1613 590 1680 ordinandis
622 1624 654 1678 et
689 1635 810 1698 genera
846 1613 1027 1678 carminum
1058 1621 1091 1676 et
1127 1619 1296 1699 poctarum
1333 1622 1480 1700 tempora
1516 1625 1707 1700 spectarem.

255 1711 392 1781 Textui⁴
408 1715 583 1782 verborum
619 1714 774 1782 lectiones
810 1716 918 1780 varias
955 1713 1105 1780 codicum
1139 1723 1171 1778 et
1203 1713 1382 1780 editionum
1412 1714 1554 1796 subieci,
1582 1738 1646 1801 quo
1674 1717 1708 1780 in

255 1829 415 1905 apparatu
450 1817 537 1902 quod
571 1815 624 1880 vel
658 1827 787 1904 apertos
823 1837 947 1882 errores
982 1816 1178 1902 optimomm
1214 1814 1372 1881 librorum
1405 1819 1553 1896 enotavi,
1588 1817 1611 1880 ii
1644 1840 1730 1886 non.

255 1918 511 2006 reprehendent,
544 1919 599 2004 qui
634 1940 731 2004 quam
764 1941 862 2006 saepe
890 1918 955 1983 iam
983 1939 1026 1982 ex
1053 1916 1205 1982 ductibus
1233 1916 1400 1984 literarum
1423 1917 1522 2003 vulgo
1547 1918 1708 2004 neglectis

256 2019 382 2106 sagacis
405 2019 469 2084 viri
492 2019 639 2084 acumine
661 2041 774 2085 manus
797 2021 939 2085 auctoris
961 2027 1151 2104 recuperate
1173 2019 1232 2101 sit,
1266 2041 1327 2083 usu
1350 2031 1584 2104 cognoverunt.
1628 2020 1706 2086 Bar-

256 2120 437 2187 tholomeus
477 2121 564 2185 enim
601 2119 883 2203 Cutlumusianus,
917 2123 973 2208 qui
1005 2129 1118 2186 nostra
1150 2121 1305 2185 memoria
1337 2119 1482 2184 Menaeis
1516 2131 1549 2186 et
1575 2121 1708 2189 Triodio

257 2221 412 2289 ccclesiae
439 2245 574 2308 graecae
603 2220 738 2288 edendis
762 2222 927 2308 egregiam
950 2243 1080 2309 operam
1103 2223 1240 2286 navavit
1263 2233 1295 2286 ot
1318 2223 1557 2288 vetustissimos
1580 2222 1708 2290 codices

256 2349 291 2391 se
314 2324 499 2390 excussisse
521 2333 670 2405 testatur,
693 2335 802 2388 tamen
824 2346 939 2410 parum
962 2325 1107 2388 criticam
1121 2332 1223 2388 artem
1239 2325 1403 2411 promovit
1423 2324 1708 2412 restituendaeque
1734 2363 1737 2370 ‚

255 2425 418 2512 genuinae
450 2427 630 2491 carminum
663 2425 786 2492 formae
820 2425 973 2512 profecit,
1010 2424 1097 2512 quod
1113 2447 1230 2512 neque
1257 2447 1337 2512 quos
1367 2424 1495 2491 codices
1523 2426 1708 2509 contulerit,

257 2550 317 2593 nec
332 2549 412 2614 quas
427 2549 555 2614 quoque
570 2525 641 2592 loco
657 2526 878 2614 discrepantes
900 2526 1054 2592 lectiones
1069 2528 1241 2614 repererit,
1265 2526 1360 2614 plene
1382 2538 1415 2592 et
1437 2539 1588 2592 accurate
1609 2529 1708 2594 adno-

257 2631 352 2696 tavit.
398 2628 529 2694 Criticis
558 2627 645 2694 notis
676 2629 792 2694 breves
815 2627 975 2694 indiculos
997 2628 1144 2694 locorum
1166 2629 1288 2694 veteris
1311 2639 1343 2693 et
1365 2629 1443 2694 novi
1464 2629 1666 2695 Testamenti
1689 2654 1709 2695 a

257 2730 360 2817 poetis
382 2751 613 2817 expressorum
635 2740 692 2795 aut
714 2730 968 2815 significatorum
990 2717 1182 2796 inserendos
1204 2731 1407 2814 curavimus,
1431 2753 1511 2816 quos
1534 2731 1707 2817 colligendi

161 2840 165 2846 ’
256 2853 368 2897 curam
396 2831 572 2896 Paranicss
599 2852 689 2895 meus
717 2841 819 2897 totam
847 2833 882 2896 in
910 2854 945 2898 se
966 2841 1145 2917 receperat.
1189 2829 1301 2896 Verba
1323 2853 1401 2895 vero
1415 2833 1602 2898 “carminum
1625 2835 1707 2921 ipsa,

259 2934 287 2998 si
310 2933 447 2998 formam
470 2944 503 3000 et
524 2955 640 2998 versus
668 2944 811 3018 spectes,
840 2935 981 3020 primum
1009 2931 1163 3019 pleraque
1191 2935 1226 2998 in
1253 2933 1357 2998 lucem
1385 2933 1516 3020 prodire
1538 2935 1707 3018 videntur,

258 3057 454 3122 quamquam
482 3035 569 3100 enim
598 3035 663 3099 iam
691 3055 789 3121 saepe
811 3033 901 3122 prelo
924 3056 1046 3100 excusa
1068 3044 1161 3117 sunt,
1190 3044 1298 3100 tamen
1321 3035 1460 3121 primum
1484 3037 1519 3101 in
1540 3037 1602 3103 hoc
1624 3037 1708 3103 libro

257 3134 393 3202 candem
416 3137 575 3223 speciem,
598 3158 695 3223 quam
717 3135 915 3222 reliquarum
937 3137 1105 3206 nationum
1128 3137 1282 3214 carmina,
1306 3158 1384 3223 prae
1407 3161 1441 3202 se
1463 3136 1584 3204 ferunt.
1620 3139 1708 3220 Quin

258 3240 356 3303 etiam
371 3237 620 3303 Teubnerianae
642 3236 792 3302 officinae
815 3236 955 3324 egregiis
978 3236 1135 3303 subsidiis
1159 3239 1291 3303 adiutus
1313 3261 1377 3302 non
1400 3238 1504 3304 solum
1520 3239 1707 3321 versiculos,

258 3340 315 3406 sed
338 3339 436 3405 etiam
460 3339 609 3426 periodos
632 3340 666 3404 in
688 3361 747 3404 sua
768 3339 839 3404 cola
854 3340 994 3422 divisas,
1016 3338 1051 3403 id
1067 3339 1152 3426 quod
1168 3362 1209 3404 ne
1223 3340 1258 3403 in
1272 3338 1384 3405 latinis
1398 3341 1531 3427 quidem
1546 3343 1709 3408 nostrisve

258 3440 329 3507 odis
351 3440 475 3506 factum
498 3440 658 3522 vidimus,
681 3433 910 3528 exprimendas
933 3440 1100 3527 oculisque
1122 3441 1343 3507 subiiciendas
1365 3444 1563 3508 curavimus.
1608 3444 1707 3508 Deni-

257 3565 320 3628 que
348 3543 515 3609 corrolarii
540 3546 661 3626 instar,
690 3543 776 3630 quod
806 3543 916 3608 multis
939 3552 1129 3629 exoptatum
1151 3543 1221 3608 fore
1249 3565 1435 3631 speramus,
1463 3544 1640 3610 Paranicac
1662 3547 1708 3610 in-

259 3645 387 3710 dustria
408 3644 489 3709 duos
512 3644 637 3710 indices
664 3644 905 3730 copiosissimos
933 3642 1017 3708 libro
1046 3644 1201 3727 subiecit,
1230 3666 1366 3730 quorum
1395 3646 1517 3733 priore,
1546 3670 1609 3733 quo
1637 3646 1707 3713 loco
1798 3659 1803 3668 '

257 3745 415 3832 cuiusque
438 3743 590 3811 carminis
611 3745 702 3812 modi
724 3746 837 3832 scripti
860 3746 939 3826 sint,
967 3744 1086 3826 altero,
1116 3768 1199 3832 quae
1226 3747 1371 3812 carmina
1392 3743 1562 3832 poetarum
1585 3749 1708 3836 byzan-

259 3848 400 3914 tinorum
422 3846 579 3942 innlibros
603 3846 841 3912 ecclesiasticos
863 3857 995 3932 recepta
1017 3849 1097 3929 sint,
1120 3870 1316 3933 cognoscere
1339 3851 1456 3934 possis.

345 3983 535 4049 Scribebam
558 3983 723 4048 Monachii
747 4004 839 4048 sacra
861 3983 1066 4050 hebdomade
1088 3985 1165 4049 anni
1190 3985 1282 4052 1871.

1280 4153 1458 4219 winnnnn
1482 4156 1623 4222 Ouarsa.
