3800 5474
512 385 579 440 LIB.
593 385 613 440 l.
642 385 690 439 DE
704 383 834 442 Possis
852 384 1080 440 CHRISTIANIS
1096 385 1258 442 GRAECIS.
1520 389 1607 444 XLIII

156 529 377 618 apostolorum
400 531 490 596 Petri
512 539 545 596 ct
567 529 660 596 Pauli
685 530 802 616 dignas
825 553 897 598 esse
919 531 1197 614 existimavimus,
1227 555 1307 619 quas
1334 534 1369 599 in
1391 533 1475 600 hanc
1496 535 1609 600 antho-

156 631 277 719 logiam
298 632 526 721 reciperemus.

243 751 460 820 Βυζάντιος
482 761 515 817 ct
538 751 638 822 Βύζας
659 752 771 818 nescio
794 775 837 818 an
859 752 1006 820 eiusdem
1027 761 1143 840 poetae
1157 753 1288 820 nomina
1304 751 1443 820 fuerint]
1473 755 1539 821 Sed
1554 778 1609 822 ne·

157 875 221 941 que
243 852 304 918 hoe
326 873 432 940 neque
454 851 536 919 illud
558 875 677 919 nomen
692 855 781 920 viam
797 855 876 920 mihi
897 855 1027 943 aperuit
1048 855 1169 921 certius
1183 853 1308 941 aliquid
1330 855 1373 920 de
1387 857 1457 922 vita
1478 857 1609 939 melodi,

157 957 249 1020 euius
272 957 397 1023 minora
418 963 544 1021 tantum
566 956 711 1021 carmina
733 965 880 1040 exstant,
904 957 1137 1042 cognoscendi3
1160 979 1355 1044 quamquam
1378 979 1421 1022 ex
1442 980 1499 1040 eo,
1521 957 1609 1046 quod

157 1079 295 1124 canones
318 1057 389 1122 eius
412 1055 493 1122 nulli
515 1057 673 1139 feruntur,
690 1056 885 1124 concludere
905 1060 1012 1144 possis
1027 1058 1262 1125 vetusti0ribus
1286 1081 1360 1125 eum
1382 1061 1609 1148 potiusquam

156 1157 392 1225 recentioribus
414 1158 545 1225 vatibus
568 1181 640 1225 esse
662 1151 951 1226 adnumeiandum.

244 1296 445 1377 Γερμανὸς
470 1293 574 1360 nobili
601 1305 700 1382 gente
727 1279 907 1384 prognatus
936 1295 1015 1378 suit,
1044 1319 1224 1384 quaecum
1252 1298 1295 1362 ab
1323 1297 1521 1384 imperatore
1544 1299 1608 1363 He-

157 1395 258 1462 raclio
286 1395 511 1462 crudelissime
539 1407 727 1482 vexaretur,
756 1406 849 1486 pater
876 1399 1057 1464 trucidatus
1086 1407 1118 1464 ct
1141 1396 1225 1464 filius
1249 1399 1394 1464 eviratus
1418 1409 1478 1466 est.
1524 1400 1606 1465 Inde

159 1499 268 1566 ordini
291 1497 480 1565 clericorum
502 1498 688 1586 adscriptus
711 1507 814 1566 totam
836 1501 939 1567 vitam
961 1522 1069 1566 rerum
1085 1522 1251 1566 sacrarum
1268 1501 1378 1568 studio
1393 1503 1609 1570 consecravit.

157 1601 239 1668 Mox
260 1600 304 1666 ad
324 1622 450 1668 summa
472 1599 630 1668 honorum
661 1601 795 1688 fastigia
817 1611 950 1668 evectus
973 1603 1113 1690 primum
1136 1601 1250 1691 Cyzici
1273 1605 1460 1691 episcopus,
1491 1601 1610 1668 deinde
1637 1659 1642 1668 .

159 1702 460 1790 Constantinopolis
493 1703 678 1791 patriarcha
715 1702 821 1770 factus
856 1712 916 1770 est.
970 1705 1056 1770 'I’um
1089 1705 1245 1793 temporis
1279 1705 1449 1773 christiani
1482 1707 1610 1793 imperii

157 1805 330 1895 byzantini
363 1804 518 1871 luctuosis
551 1803 665 1872 litibus
686 1807 735 1871 dc
764 1807 943 1894 imaginum
976 1808 1187 1873 veneratione
1217 1807 1303 1873 inter
1330 1830 1365 1873 se
1393 1807 1610 1875 dissidebant

157 1931 220 1974 nee
252 1908 402 1974 minimas
434 1915 544 1993 partes
577 1909 612 1971 in
639 1905 704 1973 illis
733 1929 840 1974 rorum
868 1909 974 1977 turbis
1007 1909 1188 1974 Germanus
1222 1910 1410 1996 patriarcha
1443 1910 1607 1975 sustinuit.

158 2010 242 2077 Cum
264 2011 349 2076 enim
376 2008 553 2074 acerrimus
576 2009 700 2076 vindex
722 2011 900 2096 imaginum
923 2011 1048 2076 Christi
1069 2019 1102 2077 et
1125 2011 1318 2076 Sanctorum
1341 2011 1539 2098 exstitisset,
1568 2012 1610 2077 ab

161 2115 358 2200 imperatore
380 2112 505 2178 Leonte
528 2109 674 2178 Isaurico
698 2113 908 2200 (vlt-741),
932 2113 988 2200 qui
1004 2110 1228 2198 theologorum
1243 2111 1512 2178 altercationibus
1534 2134 1609 2178 auc-

159 2217 327 2282 toritatem
353 2213 519 2303 publicam
546 2213 688 2300 pessimo
717 2213 866 2301 exemplo
893 2215 1102 2302 interponens
1130 2215 1289 2300 imagines
1318 2214 1532 2280 removendas
1555 2213 1609 2280 dc·
1670 2213 1673 2221 ’

158 2315 340 2403 lendasque
368 2314 541 2398 censebat,
570 2325 702 2380 coactus
725 2324 789 2398 est,
816 2325 853 2381 ut
876 2316 1039 2402 dignitate
1060 2315 1270 2404 patriarchali
1293 2337 1365 2382 sese
1386 2317 1555 2382 abdicaret
1578 2327 1610 2382 ct

62 2413 65 2418 ’
157 2419 308 2507 privatae
330 2418 420 2483 vitae
442 2417 542 2483 otium
565 2416 830 2506 amplecteretur,
854 2420 940 2483 conf.
956 2417 1140 2484 Cedrenum
1162 2442 1195 2506 p.
1210 2417 1274 2484 456
1289 2441 1339 2506 sq.
1383 2419 1433 2484 Eo
1456 2419 1611 2482 maiorem

158 2521 248 2610 apud
269 2529 417 2608 posteros
439 2518 570 2586 laudem
593 2529 626 2585 et
648 2519 770 2584 famam
792 2529 985 2616 consecutus
1009 2521 1196 2586 etiamnunc
1217 2519 1271 2585 die
1294 2519 1365 2584 XII
1388 2521 1508 2585 mensis
1531 2519 1611 2584 Maii

157 2627 244 2690 intur
272 2632 401 2689 sanctos
429 2629 539 2710 patres
568 2621 726 2686 ecelesiae
753 2620 881 2688 colitur.
926 2623 978 2686 Dc
1001 2620 1224 2688 ecclesiastiea
1246 2631 1354 2687 autem
1376 2622 1502 2687 musica
1524 2621 1611 2686 idem

157 2746 359 2812 magnopere
380 2723 515 2788 meritus
539 2732 604 2808 est,
633 2722 720 2811 quod
746 2746 813 2788 non
840 2723 944 2790 solum
972 2725 1153 2810 imaginum
1180 2725 1412 2811 signorumque
1440 2722 1611 2812 splendore

157 2827 313 2894 ccclesias
336 2815 524 2908 decorasse,
547 2825 606 2890 sed
628 2826 726 2891 etiam
748 2826 927 2890 carminum
949 2823 1271 2913 modulationumque
1286 2823 1459 2890 dulcedine
1481 2824 1610 2910 vigilia·

157 2953 230 2994 rum
251 2929 458 3016 asperitatem
481 2929 650 3012 mitigasse
665 2927 802 3011 dicitur3
826 2927 1110 3014 conl.Synaxaria
1127 2927 1176 2992 12.
1191 2927 1287 2992 Maii:
1311 2931 1540 3009 πανηγυρικοῖς
1562 2929 1612 2994 καὶ

157 3033 413 3112 ἑγκωμιαςτικαῑς
441 3031 550 3107 λόγοις
578 3029 635 3094 τὰς
664 3037 730 3094 τῶν
758 3037 877 3096 πιςτῶν
905 3031 1067 3109 ἑκκληςίας
1095 3029 1268 3110 ἐφαίδρυνε
1297 3030 1349 3095 καί
1370 3029 1538 3116 μελῳδίαις
1560 3030 1610 3095 καὶ

158 3139 271 3219 ᾄςμαςι
293 3133 330 3198 τὸ
354 3133 390 3198 ἐν
411 3136 481 3198 ταῖς
508 3130 697 3210 ἀγρυπνίαις
724 3132 860 3213 ςκληρόν
881 3153 916 3197 τε
938 3133 988 3197 καί
1010 3133 1168 3198 ςύντανον
1190 3133 1387 3200 κατέθελξεν.
1431 3131 1538 3198 Huius
1561 3130 1608 3195 rei

157 3237 353 3302 documenta
375 3232 478 3299 multa
498 3230 651 3298 idicmela
672 3241 821 3315 exstant,
843 3256 927 3319 quae
942 3231 1044 3299 altum
1060 3235 1203 3298 animum
1219 3235 1495 3321 certaminumque
1518 3231 1610 3298 ardo-

157 3360 227 3404 rem
249 3336 388 3422 spirant.
425 3333 574 3416 Quatuor
596 3341 705 3400 autem
728 3355 868 3400 canones
885 3335 928 3418 (2.
946 3336 996 3400 13.
1013 3333 1103 3422 Sept.
1130 3335 1178 3399 lt.
1194 3335 1264 3404 Ian.
1290 3335 1338 3400 16.
1355 3335 1467 3420 Aug),
1491 3331 1611 3421 quibus

157 3439 315 3506 Germani
344 3459 463 3502 nomen
491 3436 670 3524 praefixum
699 3445 764 3516 est,
794 3436 836 3501 ab
859 3437 1039 3501 recentiore
1061 3434 1169 3522 aliquo
1192 3445 1289 3524 poeta
1311 3436 1502 3520 cognomine
1525 3457 1610 3500 com·

157 3539 282 3628 positos
306 3561 378 3604 esse
399 3537 525 3620 iudico,
549 3537 813 3626 quandoquidem
836 3536 950 3603 alicnis
974 3537 1088 3602 hirmis
1111 3546 1257 3618 utuntur,
1281 3536 1315 3601 id
1337 3535 1424 3624 quod
1446 3545 1479 3603 et
1498 3557 1608 3601 reeen-

156 3642 251 3707 tioris
274 3641 391 3707 aetatis
414 3648 447 3705 et
469 3639 624 3705 tenuioris
647 3638 771 3725 ingenii
791 3649 851 3704 est.

245 3778 406 3859 Ἐφραὶμ
426 3778 618 3862 cognomina
643 3777 758 3858 Καρίας
779 3798 799 3840 a
820 3775 991 3842 notissimo
1014 3775 1140 3841 melodo
1163 3775 1320 3863 Syromm
1343 3774 1557 3862 distinguitur
1579 3782 1613 3840 et

158 3880 279 3946 Cariae
302 3887 364 3944 aut
391 3879 473 3944 civis
501 3887 559 3944 aut
585 3879 759 3966 episeopus
789 3878 892 3944 fuisse
921 3875 1117 3944 declaratur.
1160 3878 1337 3946 Praeterea
1364 3877 1445 3944 nihil
1467 3880 1548 3944 certi
1570 3878 1612 3944 de

158 3983 230 4046 eius
246 3979 317 4047 vita
332 3981 506 4046 memoriae
527 3979 693 4066 proditum
715 3981 876 4063 novimus,
900 4003 941 4046 ex
957 4003 996 4046 ec
1011 3989 1131 4064 autem,
1154 3980 1242 4068 quod
1264 3980 1345 4046 nulli
1367 4001 1507 4047 canones
1530 3979 1611 4062 eius,

158 4084 218 4150 sed
234 4079 385 4147 idicmela
399 4089 527 4148 tantum
550 4092 698 4167 castam,
722 4094 839 4150 octavo
854 4082 1000 4165 saeculo,
1023 4105 1087 4170 quo
1103 4083 1245 4148 maxime
1259 4079 1487 4148 idicmelorum
1501 4080 1612 4146 studia

158 4183 350 4266 fervebant,
374 4205 446 4248 eum
470 4184 594 4250 vixisse
617 4185 831 4272 probabiliter
853 4186 1019 4252 coniicias.
1550 4197 1555 4208 ·

245 4305 456 4384 θεόδωρος
479 4303 691 4388 (tac-826),
720 4306 777 4392 qui
800 4304 1029 4386 (τουδίτης,
1053 4303 1129 4390 quia
1156 4301 1281 4383 Studii,
1310 4301 1501 4366 monasterii
1528 4300 1611 4366 Con·

158 4403 443 4490 stantinopolitani
464 4406 641 4488 notissimi,
670 4409 806 4472 antistes
828 4407 908 4488 fuit,
931 4406 1189 4492 cognominatur,
1219 4405 1322 4469 frater
1349 4404 1452 4468 maior
1480 4401 1612 4489 Iosephi

158 4508 304 4595 episcopi
326 4506 628 4573 Thessalonicensis
650 4517 723 4574 erat
744 4517 777 4573 ct
799 4507 948 4574 similiter
974 4517 1072 4594 atque
1098 4505 1153 4572 ille
1174 4505 1218 4570 ab
1238 4506 1348 4592 impiis
1369 4503 1503 4590 regibus
1526 4503 1611 4569 Con·

159 4609 305 4675 stantino
333 4607 542 4696 Copronymc
564 4619 597 4676 et
617 4609 742 4675 Leonte
763 4611 918 4676 Armenio
942 4608 1139 4694 (813-820)
1167 4607 1360 4673 verberibus
1388 4615 1421 4672 et
1448 4607 1536 4672 omni
1562 4607 1611 4671 in·

159 4713 317 4776 iuriarum
343 4731 463 4797 genere
490 4720 631 4777 vexatus
660 4721 720 4776 cst.
770 4711 819 4776 Eo
849 4713 1002 4776 maiorem
1035 4710 1239 4776 constantiae
1266 4717 1299 4774 et
1324 4709 1456 4775 virtutis
1490 4707 1612 4774 famam

159 4821 353 4879 consecutus
375 4813 563 4880 etiamnunc
584 4797 638 4880 die
661 4813 712 4880 XI
728 4813 848 4880 mensis
863 4811 1060 4880 Novembris
1076 4813 1131 4901 pia
1146 4811 1302 4878 memoria
1316 4807 1445 4878 colitur.
1476 4811 1612 4878 Rituum
