3800 5474
523 413 589 468 LlB.
605 413 626 468 l.
655 413 703 467 DE
718 410 846 467 POll'llS
862 409 1090 466 CHRISTIANIS
1106 408 1267 464 GRAECIS.

522 594 797 614 „„„„„„„„
817 561 820 626 ν
841 604 861 612 -
878 593 896 611 ..
914 593 931 610 a
949 603 969 612 -
986 593 1003 611 .
1022 592 1041 610 .
1057 604 1075 612 -
1094 593 1112 611 .

323 684 357 726 v.
381 661 424 725 54
444 664 568 742 μᾶλλον
590 661 739 742 αἰδοῦμαι
761 662 934 743 μαργάρων
959 662 1011 726 καὶ
1031 665 1087 742 τῆ(
1110 661 1221 741 (ηριῖιν
1244 659 1418 740 εὐκοτμίατ.

324 905 355 946 ν.
379 883 423 944 20
443 883 546 963 γάμοτ
569 883 738 962 ευγγνώμη
759 783 898 960 rheam,
922 883 1034 960 ἁγνεία
1056 883 1091 947 δὲ
1113 883 1305 962 λαμπρότης.

323 1005 355 1047 v.
379 984 417 1048 61
442 983 522 1063 ὄψιν
545 984 580 1047 δ’
601 984 749 1064 ἀρρένων
771 987 887 1065 φεῦγε,
911 985 938 1049 εἰ
960 986 1059 1066 θέμις,
1083 986 1132 1049 καὶ
1155 985 1346 1064 (ωφρόνων.

323 1107 355 1149 ν.
379 1085 420 1148 m
442 1086 491 1149 καὶ
513 1092 667 1166 πονηρῶν
689 1086 801 1151 ἐπάνω
822 1085 968 1164 παγίδων
990 1087 1173 1168 διαβαίνειτ.

324 1328 356 1369 ν.
384 1305 420 1369 ll
441 1304 490 1371 ἵν’
512 1306 546 1370 ἐκ
568 1305 671 1384 πάλη(
693 1307 744 1370 καὶ
766 1207 851 1385 itanc
874 1308 911 1372 τὸ
934 1308 1050 1388 crepo(
1073 1306 1247 1390 άπολάβῃα

323 1432 355 1473 ν.
378 1407 421 1471 69
442 1407 470 1472 τί
493 1427 547 1488 μοι
569 1407 668 1486 τάρκα
690 1411 839 1487 φυγοῦτα
860 1409 942 1488 πρὸ(
964 1410 1079 1488 <doxae
1101 1409 1312 1488 ἐπι(τρε’φειτ;

326 1651 355 1690 v.
379 1628 421 1692 35
443 1628 519 1709 μήτε
541 1627 612 1693 λίαν
636 1648 668 1693 οε
691 1629 805 1707 εαρκάι
827 1629 1005 1710 ἐκφοβείτω
1027 1630 1047 1708 ἡ
1069 1629 1170 1710 odere.

327 1753 356 1794 v.
379 1729 419 1792 st
443 1729 535 1795 οῖδα(
558 1729 683 1793 Θέκλαν
706 1729 741 1794 ἐκ
762 1731 865 1809 πυρότ
887 1732 937 1796 καὶ
959 1731 1078 1811 θηρίων
1101 1733 1278 1810 φυγοῦταν.

326 2192 357 2234 ι’.
380 2169 423 2234 90
443 2171 480 2234 ὃ(
503 2170 539 2235 ἐν
562 2169 669 2254 ἐρήμῳ
691 2169 822 2250 τρέφειν
845 2169 914 2234 οῐδε
938 2171 990 2235 καὶ
1011 2172 1174 2252 μυριάδας.

172 2360 262 2424 Haec
277 2358 305 2421 si
321 2357 372 2421 cui
389 2355 561 2439 nugatoria
582 2363 615 2418 et
637 2356 723 2420 iusto
745 2358 911 2440 argutiora
933 2379 1006 2421 esse
1029 2356 1218 2438 videantur,
1246 2375 1318 2418 eum
1341 2361 1490 2437 rogatum
1514 2349 1623 2434 velim,

172 2471 225 2544 ut,
259 2460 451 2544 priusquam
484 2455 630 2522 severius
664 2457 786 2522 iudicet
818 2479 1010 2545 omnemque
1044 2459 1122 2523 milri
1157 2455 1254 2520 tidem
1288 2455 1438 2540 deroget,
1472 2475 1555 2540 quae
1584 2451 1625 2517 de

174 2561 360 2647 byzantinis
374 2558 509 2624 melodis
522 2555 715 2622 multifarias
728 2568 874 2623 vetorum
893 2568 1069 2625 metrorum
1086 2559 1206 2624 formas
1223 2556 1411 2622 accentibus
1426 2554 1624 2620 simillimum

174 2667 206 2729 in
224 2666 355 2727 modum
371 2659 574 2725 imitantibus
591 2659 677 2724 infra
692 2658 916 2741 disseruimus,
927 2660 1015 2745 legat
1030 2671 1127 2746 atquo
1143 2662 1316 2726 examinet.
1343 2657 1473 2722 Etenim
1489 2655 1575 2744 quod
1591 2658 1625 2719 in

173 2765 235 2830 hae
257 2765 402 2829 oratione
425 2761 576 2844 Gregorii
598 2763 703 2846 magis
727 2762 946 2826 divinavimus
970 2785 1067 2848 quam
1091 2762 1319 2848 probavimus,
1342 2760 1429 2826 idem
1453 2760 1486 2822 in
1502 2756 1624 2844 byzan-

175 2868 250 2931 tinis
273 2863 470 2930 carminibus
494 2870 526 2925 et
546 2861 664 2926 iisdem
687 2862 799 2926 formis
822 2863 1013 2950 rhythmicis
1036 2865 1069 2928 in
1093 2863 1240 2950 pluribus
1256 2862 1398 2948 strophis
1414 2859 1625 2925 redeuntibus
1659 2863 1665 2880 ¹

175 2977 209 3032 et
230 2965 368 3031 modulis
390 2965 522 3028 musicis
546 2965 685 3028 servatis
708 2963 805 3050 plane
826 2964 1050 3029 confirmatum
1072 2974 1169 3052 atque
1194 2963 1376 3030 stabilitum
1403 2972 1465 3028 est.
1508 2959 1625 3027 Merito

175 3071 274 3154 igitur
295 3067 491 3152 Gregoriurn
519 3063 646 3129 duobus
674 3065 829 3130 extremis
857 3067 958 3130 nostri
985 3065 1130 3131 delectus
1152 3064 1351 3131 carminibus
1375 3065 1625 3151 byzantinorum

175 3179 343 3256 poetarum
365 3167 458 3254 quasi
480 3165 671 3250 signiferum
694 3166 858 3231 exstitisse
881 3166 1015 3232 dixeris.
1060 3167 1209 3255 Sophron
1239 3178 1347 3232 autem
1370 3164 1626 3252 mimographus,

176 3284 212 3339 ut
227 3271 313 3336 unde
329 3268 462 3334 deflexit
484 3268 588 3345 oratio
611 3266 739 3352 redeat,
761 3289 864 3357 acque
885 3279 983 3357 atque
1005 3271 1177 3356 episcopus
1194 3269 1433 3351 Nazianzenus,
1451 3290 1516 3332 non
1538 3277 1626 3332 certo

175 3384 352 3440 metrorum
375 3371 453 3436 orbe
475 3371 653 3435 orationem
676 3372 894 3454 contexuisse,
916 3372 975 3436 sed
993 3373 1084 3437 varia
1106 3372 1188 3454 cola,
1211 3394 1304 3458 quae,
1328 3393 1401 3450 cum
1424 3368 1535 3434 mixtis
1558 3368 1626 3455 ple·
1658 3371 1675 3400 ⁶

175 3497 277 3560 raque
299 3473 438 3561 pedibus
456 3480 652 3552 constarent,
674 3471 845 3557 rhythmos
860 3473 1036 3538 scholiasta
1051 3474 1145 3555 dixit,
1167 3475 1214 3537 ita
1228 3472 1469 3538 commiscuisse
1485 3470 1625 3553 videtur,

176 3586 213 3642 ut
234 3577 343 3642 soluta
363 3575 467 3658 magis
489 3595 587 3661 quam
609 3574 720 3639 vincta
741 3575 888 3640 oratione
909 3575 978 3638 eius
1002 3574 1090 3638 mimi
1113 3574 1287 3661 conscripti
1309 3595 1382 3638 esse
1403 3570 1604 3639 viderentur.

261 3729 406 3794 Tertium
438 3727 542 3792 locum
576 3727 611 3789 in
644 3726 706 3791 hae
738 3724 924 3811 anthologia
957 3725 1083 3792 obtinet
1110 3727 1403 3792 Naessenorunr
1437 3725 1626 3812 psalmus,

177 3853 272 3919 quem
295 3829 455 3915 Origenes
482 3830 515 3894 in
538 3826 907 3914 Philosophumenorum
935 3827 1011 3894 libri
1034 3827 1064 3892 V
1087 3850 1158 3916 cap.
1182 3829 1198 3894 Ι
1220 3829 1376 3894 servavit.
1421 3827 1454 3891 ls
1477 3828 1573 3892 tertio
1596 3835 1629 3889 et

178 3944 294 4020 quarto
316 3933 437 4018 hymno
459 3929 588 4015 Synesii
610 3928 793 3994 simillimus
816 3941 881 4012 est,
904 3941 942 3996 ut
962 3929 1202 3996 Naassenorum
1225 3929 1523 4016 Gnosticorumque
1545 3926 1628 4016 psal-

178 4055 247 4098 mos
274 4032 432 4098 Africano
465 4031 616 4117 episcopo
650 4029 799 4117 exemplo
826 4032 929 4097 luisse
956 4033 1043 4098 haud
1072 4035 1220 4098 inmerito
1248 4032 1436 4118 suspiceris.
1487 4037 1628 4117 Namque

178 4135 420 4200 Naessenorum
448 4154 577 4220 quoque
601 4141 699 4218 pocta
719 4136 960 4219 cosmogoniam
982 4134 1247 4222 philosophorum
1269 4133 1459 4198 commentis
1480 4141 1627 4196 ornatam

179 4239 286 4324 potius
320 4257 416 4322 quam
451 4233 648 4299 christianae
680 4235 893 4300 institutionis
921 4237 1162 4323 simplicitatem
1191 4235 1312 4300 referre
1339 4232 1463 4299 maluit.
1513 4229 1629 4312 Quid?

178 4337 266 4425 quod
288 4336 452 4402 simillimo
475 4357 602 4423 quoque
624 4357 830 4401 numerorum
852 4359 973 4422 genere
995 4360 1072 4401 usus
1089 4339 1160 4403 est?
1183 4359 1257 4402 nam
1273 4335 1498 4420 anapaesticos
1514 4353 1630 4400 versus

177 4439 396 4525 logaoedicos,
419 4438 536 4522 quibus
552 4438 681 4524 Synesii
704 4437 816 4524 hymni
831 4437 910 4522 VII,
933 4437 1028 4520 VIlI,
1052 4439 1104 4503 IX
1126 4438 1296 4525 compositi
1319 4445 1405 4518 sunt,
1427 4435 1481 4500 hic
1503 4455 1631 4522 quoque

177 4541 344 4606 adhibitos
367 4540 530 4620 videmus,
553 4541 600 4606 ita
621 4549 729 4604 tamen
753 4541 914 4618 variatos,
949 4549 985 4605 ut
1013 4539 1067 4605 alii
1095 4538 1168 4606 aliis
1198 4539 1360 4624 longiores
1391 4540 1457 4604 sint
1483 4539 1517 4601 in
1544 4538 1630 4602 hunc

177 4643 326 4708 modum:

536 4778 734 4802 ......
755 4747 758 4811 ι
778 4787 797 4796 -
815 4789 834 4796 -
853 4779 870 4797 .
888 4780 906 4796 a
923 4789 943 4798 -
962 4781 979 4798 .
998 4782 1014 4799 .
1032 4789 1051 4799 -
1070 4781 1087 4797 a
1103 4791 1122 4798 -

382 4851 420 4914 τὸ
444 4849 479 4914 δὲ
502 4849 655 4926 δεύτερον
678 4845 717 4924 ἠν
740 4850 797 4910 τοῦ
820 4847 1031 4926 πρωτοτόκου
1052 4849 1090 4912 τὸ
1113 4847 1209 4926 χυθὲν
1232 4847 1320 4926 χάοτ.

1379 4974 1396 5050 t
