3800 5474
297 379 413 436 XXXIV
883 377 1165 435 PROLEGOMENA.

299 527 387 592 anim
417 528 562 593 maxime
590 525 641 590 his
671 525 823 612 tropariis
850 524 1009 610 agebant,
1037 534 1074 590 ut
1100 547 1142 590 ne
1171 525 1367 612 psalmorum
1395 533 1492 592 cantu
1520 526 1590 592 solo
1609 495 1753 614 probato

185 681 187 688 Α
298 630 479 695 christiana
500 629 660 714 mysteria
680 625 947 714 neglegerentur,
975 625 1037 694 hoc
1059 627 1092 692 in
1115 626 1265 712 liturgia,
1294 630 1421 716 qualem
1444 628 1697 715 Ohrysostomus
1720 640 1754 694 et
1823 717 1826 725 Ι

298 728 444 797 Basilius
472 731 731 812 adornaverant,
763 751 834 794 oum
868 727 941 794 aliis
973 728 1071 794 rebus
1104 738 1173 794 tum
1206 730 1499 797 exclamationibus
1528 732 1753 816 (ἐκφωνήςεςι)

299 833 430 898 insertis
454 833 535 898 satis
558 833 624 896 iam
647 831 815 918 provisum
844 853 915 897 esse
937 831 1127 914 videbatur3
1157 830 1242 896 conf.
1267 831 1483 919 Sophronium
1505 833 1539 896 in
1560 833 1642 899 Maii
1665 832 1754 919 Spic.

298 933 391 998 Rom.
415 933 478 1018 IV,
500 934 556 999 31:
587 935 678 1000 Μετὰ
706 935 742 999 δὲ
762 934 840 1000 τοὺς
862 934 1039 1014 θεηγόρους
1062 933 1265 1001 ἀποςτόλους
1286 937 1371 1000 τινὲς
1392 941 1459 1001 τῶν
1481 936 1577 1001 θείων
1599 937 1753 1015 πατέρων

298 1035 471 1104 ἰδιάζοντες
500 1036 630 1102 ἕκαςτος
657 1036 755 1116 εὐχὰς
784 1036 925 1102 ἐποιεῖτο
953 1037 1002 1100 καί
1031 1036 1225 1117 ἐκφωνήςεις
1246 1037 1297 1102 καὶ
1318 1036 1551 1117 ἀπηρτιςμένην
1571 1037 1754 1117 ἱερουργία(

299 1137 507 1204 ἀκολουθίαν·
536 1139 581 1204 ως
603 1138 622 1203 ὁ
646 1138 682 1205 ἐν
705 1138 806 1216 ἁγίοις
834 1137 994 1217 ἐπιφανὴς
1016 1137 1203 1219 Ἐπιφάνιος
1230 1139 1281 1202 καλ
1307 1137 1327 1202 ὁ
1351 1139 1448 1217 μέγας
1478 1137 1638 1204 Βαςίλειος
1660 1139 1753 1203 καλὸ

298 1243 385 1306 θεῖος
420 1240 650 1320 Χρυςόςτομος.
703 1237 792 1319 Quid
826 1238 927 1304 vero?
965 1238 1053 1322 quod
1085 1237 1159 1304 illas
1192 1237 1461 1321 exclamationes,
1499 1261 1636 1324 quarum
1673 1261 1753 1304 non·

298 1340 408 1406 nullae
430 1350 467 1406 ut

500 1426 593 1494 Δόξα
615 1426 709 1505 πατρὶ
730 1426 783 1491 καὶ
804 1425 863 1510 υἱῷ
885 1426 936 1491 καλ
957 1425 1038 1509 ἁγίῳ
1060 1425 1218 1506 πνεύματι

502 1531 562 1594 νῦν
585 1529 637 1592 καλ
658 1527 709 1593 ἀεὶ
730 1529 781 1592 καὶ
803 1526 848 1593 είς
868 1527 946 1593 τοὺς
968 1526 1088 1593 αἰῶνας
1110 1531 1175 1593 τῶν
1198 1527 1338 1594 αἰώνων.

502 1629 553 1693 Ἐν
576 1628 685 1713 εἰρήνῃ
707 1632 766 1694 τοῦ
788 1627 900 1708 κυρίου
922 1632 1095 1708 δεηθῶμεν,
1118 1628 1206 1709 κύριε
1228 1628 1369 1709 ἐλέηςον.

502 1730 557 1795 (ολ
570 1731 628 1809 τὴν
644 1731 741 1796 δόξαν
757 1729 998 1810 ἀναπέμπομεν,
1014 1733 1060 1813 τῷ
1075 1731 1172 1809 πατρὶ
1186 1731 1296 1817 καὶτῷ
1306 1731 1365 1817 υἱῷ
1377 1731 1485 1816 καὶτῷ
1495 1730 1576 1817 ἁγίῳ
1588 1730 1752 1810 πνεύματι.

298 1857 366 1913 tam
387 1867 559 1912 numerose
582 1844 789 1933 clauduntur,
812 1856 849 1912 ut
870 1845 1088 1934 rhythmicam
1111 1869 1222 1912 earum
1242 1857 1393 1914 natmam
1409 1871 1472 1914 non
1488 1871 1666 1936 agnoscere
1688 1871 1753 1914 non

298 1948 422 2037 poesis,
444 1949 661 2036 tropariorum
685 1946 836 2036 exempla
851 1958 885 2014 et
899 1949 1058 2034 originem
1073 1948 1162 2014 haud
1177 1950 1338 2016 immerito
1353 1950 1488 2018 dixeris.
1532 1951 1629 2017 Nova
1643 1960 1751 2016 autem

298 2050 441 2137 tropario
462 2072 536 2115 eom
559 2050 685 2116 dierum
707 2051 867 2117 festorum
896 2049 1029 2131 officiis,
1057 2071 1142 2138 quae
1169 2043 1360 2119 ἀκολουθία(
1382 2052 1502 2118 Graeci
1529 2053 1750 2140 appellabant,

298 2163 366 2218 tam
394 2161 484 2218 arete
511 2153 686 2217 coniuncta
714 2161 824 2235 erant,
851 2154 966 2239 utqui
988 2151 1068 2217 haec
1090 2154 1381 2238 concinnaverant,
1412 2155 1593 2220 carminum
1622 2177 1751 2242 quoque

298 2263 446 2320 auctores
481 2254 550 2320 fere
582 2253 841 2342 perhiberentur.
886 2253 968 2320 Inde
997 2275 1094 2319 causa
1121 2254 1300 2341 repetenda
1327 2277 1398 2323 esse
1425 2255 1569 2338 videtur,
1602 2277 1661 2322 eur
1686 2278 1752 2343 quo

297 2357 429 2421 nomine
451 2355 569 2421 Graeci
591 2365 697 2423 totum
719 2355 901 2424 officiorum
923 2356 1034 2421 orbem
1056 2355 1315 2443 appellaverant,
1343 2358 1377 2422 in
1399 2357 1501 2424 latina
1522 2357 1661 2423 eeclesia
1682 2379 1752 2422 car·

297 2460 387 2523 mina
409 2458 478 2523 sola
499 2457 683 2542 significata
705 2459 780 2524 sint.
825 2457 956 2522 Etenim
980 2465 1012 2522 et
1032 2478 1151 2523 nomen
1178 2460 1419 2546 sequentiarum
1440 2482 1461 2524 a
1481 2453 1599 2545 graeco
1621 2459 1752 2523 nomine

297 2560 489 2627 ἀκολουθίας
517 2559 710 2626 manslatum
739 2580 812 2626 esse
840 2559 1048 2625 manifestum
1076 2568 1126 2626 est
1152 2568 1184 2625 et
1212 2559 1388 2627 verborum
1414 2559 1610 2646 significatio
1637 2567 1751 2624 mutuo

295 2660 481 2746 linguarum
503 2661 696 2727 commercio
717 2661 885 2750 paululum
908 2660 1036 2726 detorta
1057 2661 1140 2726 nihil
1162 2662 1318 2728 noviant
1339 2661 1476 2727 inauditi
1498 2662 1608 2727 habet.

379 2764 491 2850 Atque
513 2761 594 2828 haec
616 2763 748 2851 quidem
769 2763 986 2853 tropariorum
1008 2763 1135 2850 poesis,
1159 2783 1233 2828 cum
1247 2764 1314 2827 iam
1328 2763 1442 2849 quinto
1457 2772 1599 2829 etsexta
1621 2762 1751 2828 saeculo

295 2863 411 2930 llorere
439 2864 616 2953 coepisset,
645 2875 678 2932 et
699 2887 832 2932 numero
861 2867 1052 2932 Sanctorum
1079 2874 1175 2929 aucto
1205 2874 1238 2930 et
1265 2865 1367 2930 sacris
1394 2865 1512 2931 ritibus
1541 2863 1750 2952 locupletatis

296 2965 395 3031 latius
423 2966 458 3030 in
486 2967 557 3031 dies
586 2966 730 3054 patebat.
775 2968 953 3052 Postquam
982 2985 1059 3032 vero
1087 2967 1241 3033 maiorem
1269 2965 1380 3053 populi
1407 2965 1600 3054 applausum
1628 2966 1752 3031 novicii

296 3076 418 3154 poetae,
433 3065 596 3149 tulerunt,
625 3090 690 3132 non
712 3067 817 3133 solum
837 3066 972 3132 alteram
995 3076 1028 3133 et
1049 3069 1178 3134 tertiam
1206 3068 1374 3156 stropham
1399 3067 1537 3151 addere,
1567 3066 1625 3132 sed
1653 3069 1751 3133 eham

297 3170 425 3252 integra
453 3168 615 3251 earmina,
643 3189 727 3254 quae
755 3170 903 3236 seiuncta
930 3192 951 3235 a
972 3169 1107 3257 psalmis
1137 3177 1360 3253 cantarentur,
1389 3190 1533 3258 pangere
1562 3179 1750 3257 coeperunt.

296 3271 463 3355 Longiora
484 3267 564 3334 haec
586 3269 748 3353 carmina,
770 3269 994 3362 quae'partim
1014 3293 1067 3337 res
1089 3272 1123 3336 in
1139 3269 1318 3358 evangeliis
1341 3271 1461 3336 relatas
1484 3271 1611 3359 poetico
1633 3269 1752 3335 decore

296 3368 474 3455 ornabant,
501 3372 621 3462 partim
650 3381 830 3459 martyrum
858 3371 1117 3461 Sanctorumque
1139 3371 1253 3438 laudes
1280 3371 1506 3455 celebrabant,
1533 3372 1603 3438 fere
1631 3371 1751 3457 viginti

297 3481 436 3560 quatuor
464 3473 607 3561 strophis
640 3473 835 3539 constabant
863 3484 896 3541 et
923 3474 1142 3542 acrostichide
1175 3483 1231 3541 aut
1263 3475 1380 3561 poetae
1412 3495 1528 3541 nomen
1554 3483 1613 3540 aut
1638 3473 1751 3558 literas

295 3573 461 3660 alphabeti
494 3574 716 3641 continebant
766 3575 927 3642 Versuum
957 3585 1199 3663 metrorumque
1231 3596 1351 3660 genere
1383 3597 1449 3642 non
1485 3576 1600 3642 eodem
1637 3597 1751 3642 omnes

214 3715 217 3722 ι
297 3673 484 3757 utebantur,
513 3675 571 3740 sed
599 3676 654 3763 qui
676 3677 931 3745 Anacreonticos
953 3676 1132 3744 versiculos
1154 3676 1404 3760 continuabant,
1428 3677 1629 3764 syllabarum
1651 3699 1750 3764 quan-

298 3775 442 3858 titatem,
465 3777 521 3863 qui
543 3779 651 3843 varios
674 3787 707 3843 et
728 3778 897 3845 liberiores
919 3800 1071 3843 numeros
1095 3777 1290 3863 miscebant,
1312 3787 1505 3844 accentuum
1526 3781 1617 3846 vices
1639 3779 1750 3846 ohser-

298 3875 432 3944 vabant.
469 3879 580 3965 Atque
595 3880 677 3946 adeo
698 3889 769 3947 tum
791 3880 946 3967 temporis
968 3879 1226 3966 rhythmicorum
1248 3881 1427 3946 carminum
1450 3880 1622 3947 dulcedine
1643 3881 1750 3966 magis

298 4000 395 4064 quam
418 3978 626 4052 metricorum
647 3983 823 4050 artificiosa
837 3979 1021 4047 subtilitate
1037 3980 1185 4046 homines
1201 3980 1458 4064 delectabantur,
1474 3991 1510 4048 ut
1524 3984 1752 4049 Anacreontea

298 4081 442 4146 carmina
463 4081 587 4169 legere,
615 4107 681 4151 non
704 4093 835 4148 matare
856 4081 1015 4165 solerent,
1044 4081 1229 4171 rhythmica
1251 4093 1283 4148 ct
1305 4085 1340 4148 in
1361 4083 1507 4150 ecclesiis
1530 4094 1697 4152 cantarent
1718 4093 1752 4148 et

298 4182 496 4270 psalmorum
529 4188 791 4272 canticorumque
827 4205 992 4249 sacrorum
1030 4183 1185 4269 dignitati
1221 4185 1337 4250 cedere
1372 4184 1507 4251 nollent.
1565 4185 1752 4252 Peculiaria

298 4285 428 4352 nomina
450 4287 500 4352 his
524 4289 723 4354 carminibus
746 4287 826 4373 ipsis
847 4284 937 4350 nulla
958 4286 1061 4351 fuisse
1085 4286 1252 4367 videntur,
1275 4286 1469 4372 vulgaribus
1492 4287 1577 4351 enim
1600 4288 1752 4374 notisque

297 4388 482 4456 nominibus
504 4389 569 4456 alia
591 4391 765 4472 ποιήματα,
794 4385 859 4450 alia
881 4389 1046 4472 ψαλμοὺς,
1074 4386 1138 4452 alia
1159 4389 1296 4472 ὕμνους,
1323 4388 1388 4454 alia
1415 4390 1542 4468 οἴνους,
1572 4387 1637 4452 alia
1659 4389 1749 4453 deni·

298 4511 360 4576 que
389 4491 450 4572 ἔπη
480 4491 708 4575 nominabant,
745 4487 895 4576 strophas
931 4498 1036 4556 autem
1072 4492 1203 4577 proprio
1235 4501 1268 4556 et
1300 4489 1438 4556 obscuro
1474 4491 1604 4557 nomine
1641 4490 1750 4558 οἴκους

297 4589 516 4678 appellabant.

384 4692 508 4758 Summi
537 4691 632 4759 huius
660 4695 837 4760 carminum
865 4695 994 4779 generis
1020 4702 1170 4759 auctores
1193 4691 1395 4779 Sophronias
1418 4693 1750 4780 Hierosolymitanus,

300 4793 435 4878 Sergius
458 4794 642 4881 patriarcha
664 4793 1059 4881 Constantinopolitanae,
1088 4795 1271 4875 Romanus,
1299 4795 1493 4859 Anastasius
1517 4795 1665 4876 luerunt,
1694 4797 1753 4880 qui
