3800 5474
863 373 1146 431 PROIAEGOMENA.

575 871 582 880 ·
608 845 802 926 λαβύρινθον
825 845 935 922 ἐπῆλθε
957 845 1161 924 πλανωμένη.

279 1029 385 1108 Unius
407 1039 516 1108 autem
540 1029 677 1112 codicis,
700 1053 721 1094 a
742 1029 834 1094 Mina
856 1028 983 1096 Gracco
1006 1051 1071 1094 non
1093 1031 1140 1095 ita
1162 1030 1287 1114 pridem
1310 1031 1447 1115 reperti,
1471 1029 1536 1094 fide
1559 1051 1632 1094 curu
1656 1029 1730 1094 Ori-

278 1133 361 1215 ginis
391 1130 491 1213 liher,
520 1131 605 1196 unde
633 1152 761 1196 carmen
791 1131 1030 1228 excerpsimus,
1061 1131 1199 1212 nitatur,
1228 1130 1304 1195 licet
1331 1129 1449 1196 multos
1477 1132 1511 1194 in
1539 1139 1606 1195 tam
1629 1153 1730 1218 parvo

277 1230 419 1296 carmine
448 1230 572 1296 librarii
602 1253 727 1298 errores
749 1231 883 1313 Milleri,
912 1231 1047 1297 Patricii
1070 1231 1208 1314 Oruicii,
1237 1233 1316 1296 meis
1339 1233 1532 1298 coniecturis
1555 1234 1729 1300 removeri-

276 1356 365 1416 mus,
394 1341 503 1398 tamen
534 1354 648 1399 versus
683 1337 858 1421 septimum
886 1341 918 1398 et
950 1343 1178 1406 octavumne
1205 1334 1252 1397 ita
1280 1332 1412 1418 quidem
1445 1331 1607 1422 perpolire
1637 1335 1729 1400 nobis

276 1435 428 1520 contigit,
452 1443 488 1499 ut
509 1456 660 1499 numeros
682 1437 856 1500 restituere
878 1456 1080 1500 conaremur.

362 1537 495 1602 Praeter
522 1536 625 1620 hunc,
658 1559 753 1624 quern
782 1535 960 1620 edidimus,
995 1533 1154 1622 psalmum
1183 1536 1302 1600 multos
1332 1536 1562 1602 Gnosticorum
1592 1540 1729 1624 hymnos

277 1638 443 1702 exstitisse
466 1637 625 1722 Origenes
649 1638 762 1703 eodem
790 1637 860 1703 loco
889 1639 990 1702 refert
1018 1638 1126 1721 (ὕμνοι
1154 1639 1190 1704 δέ
1217 1639 1261 1703 εἰ(
1283 1637 1422 1720 Ἀδάμαν
1443 1640 1591 1717 γεγόναει
1613 1641 1730 1706 πολλοὶ

275 1741 326 1805 καὶ
359 1740 526 1822 ποικίλοι),
560 1762 698 1827 quorum
728 1761 854 1806 errores
887 1737 974 1805 dulci
1000 1738 1169 1804 Musarum
1205 1737 1294 1803 melli
1322 1739 1445 1805 conditi
1474 1761 1515 1805 ne
1542 1740 1575 1803 in
1604 1743 1728 1806 animos

276 1839 442 1905 hominum
463 1841 578 1905 furtim
600 1863 672 1906 sese
694 1842 904 1922 insinuarent,
927 1862 1001 1904 cum
1025 1839 1194 1904 christiani
1209 1839 1382 1905 orthodoxi
1399 1850 1600 1923 vererentur,
1622 1844 1728 1908 minus

276 1945 454 2006 carminum
482 1943 708 2009 faciendorum
734 1944 798 2007 arti
827 1929 993 2007 studuisse
1021 1952 1054 2007 et
1081 1962 1193 2006 sacrae
1220 1942 1401 2027 scripturae
1429 1941 1562 2027 psalmis
1591 1944 1727 2030 odisque

276 2042 352 2108 solis
386 2043 510 2109 favisse
544 2043 766 2131 perhibentur.
817 2045 927 2130 Atque
955 2066 973 2107 e
1000 2042 1115 2108 codice
1148 2041 1278 2129 quidem
1308 2042 1475 2108 Nazaraeo
1508 2045 1578 2109 sive
1607 2044 1726 2109 Adami

275 2144 359 2210 libro
381 2154 454 2210 octo
476 2143 630 2230 gnostica
653 2147 797 2208 carmina
824 2145 933 2231 syrica
961 2143 1076 2230 lingua
1102 2143 1224 2229 scripta
1250 2145 1285 2208 iu
1312 2141 1418 2208 lucem
1446 2155 1612 2231 protracta
1640 2155 1726 2210 sunt.

275 2246 450 2311 Praeterea
481 2247 595 2334 hymni
624 2245 820 2331 Ophitarum
853 2268 913 2311 sex
946 2245 1114 2331 strophae,
1148 2265 1226 2328 quas
1249 2245 1409 2331 Origenes
1438 2247 1472 2310 in
1502 2245 1584 2313 libro
1615 2257 1727 2312 contra

275 2346 406 2412 Celsum
434 2347 500 2432 VI,
527 2349 567 2412 31
597 2347 758 2429 servavit,
788 2369 805 2412 e
833 2349 942 2435 syrica
969 2346 1082 2433 lingua
1107 2347 1140 2412 in
1170 2367 1323 2430 graecam
1349 2347 1527 2413 translatae
1554 2369 1627 2412 esse
1654 2369 1726 2434 pro-

277 2449 409 2533 bantur3
443 2450 476 2513 in
510 2449 637 2534 graecis
672 2450 759 2514 enim
788 2449 898 2514 verbis
928 2470 988 2513 nec
1015 2451 1222 2515 metricorum
1250 2470 1310 2514 nee
1333 2448 1589 2535 rhythmicarum
1618 2448 1725 2533 legum

274 2550 434 2616 uoluunt
462 2551 637 2635 vestigium
665 2549 816 2635 indagari
843 2559 961 2638 potest.
1005 2549 1082 2631 Qua
1110 2550 1152 2614 de
1173 2572 1273 2615 causa
1294 2571 1336 2615 ex
1357 2549 1419 2616 hoc
1441 2549 1525 2616 libro
1547 2552 1725 2615 carminum

273 2673 464 2738 graecorum
492 2673 547 2717 eas
576 2650 792 2717 secludendas
822 2652 975 2717 duximus
981 2699 990 2734 ,
1019 2653 1211 2738 praesertim
1239 2673 1313 2716 cum
1340 2653 1520 2717 sententiae
1548 2653 1639 2738 ipsae
1661 2674 1725 2716 non

273 2755 377 2820 solum
399 2753 572 2835 obscurae,
596 2753 655 2818 sed
677 2754 775 2818 etiam
796 2753 945 2819 intinctae
967 2762 1000 2818 et
1021 2763 1252 2839 portentuosae
1274 2753 1350 2819 sint.

358 2854 411 2919 Ad
428 2854 517 2920 aliud
534 2856 713 2920 carminum
728 2877 831 2940 genus
848 2853 1042 2942 parthenion
1057 2857 1209 2942 pertinet,
1231 2853 1318 2941 quod
1334 2853 1565 2919 Methodius
1588 2864 1724 2942 martyr,

274 2978 370 3044 quem
392 2980 477 3022 anno
498 2956 561 3020 312
583 2978 641 3043 pro
664 2956 729 3020 fide
751 2957 928 3022 christiana
955 2957 1057 3021 vitam
1084 2954 1272 3043 profudisse
1299 2956 1467 3038 novimus,
1496 2955 1628 3039 dialogo
1652 2976 1723 3034 ευμ-

272 3059 387 3124 ποτίου
409 3059 428 3137 ἢ
451 3060 522 3139 περὶ
544 3057 673 3136 ἁγνεία(
694 3059 842 3122 inseruit.
886 3057 927 3122 In
948 3057 1005 3123 illo
1028 3057 1128 3140 libro,
1152 3080 1216 3144 quo
1238 3057 1434 3123 christianus
1457 3059 1627 3144 episcopus
1652 3057 1723 3120 Pla-

272 3161 358 3224 tonis
386 3158 571 3246 philosophi
598 3159 844 3224 celeherrimum
877 3157 1043 3244 dialogum
1075 3159 1298 3245 cognominem
1333 3159 1479 3224 imitatus
1512 3167 1579 3240 est,
1612 3158 1724 3222 decem

226 3339 242 3368 ·
273 3263 419 3346 virgines
447 3259 646 3326 inducuntur
674 3270 747 3347 post
769 3260 888 3326 laetum
911 3283 950 3325 ac
971 3260 1133 3326 modicum
1155 3261 1343 3326 convivium
1367 3261 1407 3325 de
1429 3259 1525 3324 laude
1546 3261 1724 3324 inviolatae

273 3363 474 3448 virginitatis
502 3363 701 3428 disserentes
723 3371 755 3426 et
777 3363 819 3427 ad
842 3371 1039 3450 postremum
1065 3371 1276 3447 ¹assurgentes
1304 3383 1433 3445 omnes,
1461 3370 1498 3426 ut
1521 3361 1634 3427 divino
1657 3362 1723 3447 spi-

271 3465 337 3530 ritu
351 3463 484 3530 inflatae
500 3464 632 3530 Christo
654 3472 821 3551 tamquam
843 3465 965 3552 optimo
988 3486 1107 3552 sponso
1129 3485 1221 3529 suam
1244 3464 1345 3528 vitam
1360 3473 1561 3530 consecrent.
1599 3461 1724 3528 Thecla

271 3567 373 3651 igitur
401 3569 510 3650 virgo,
540 3587 623 3652 quae
651 3565 856 3652 eloquentiae
882 3574 1055 3652 castaeque
1083 3565 1239 3631 orationis
1261 3563 1403 3651 palmam
1424 3564 1561 3648 tulerat,
1591 3585 1723 3630 carmen

271 3687 388 3732 canere
416 3668 539 3753 coepit,
568 3666 726 3753 reliquae,
756 3687 840 3753 quae
867 3689 887 3730 o
913 3665 1052 3732 dextera
1079 3676 1112 3732 et
1138 3667 1271 3731 sinistra
1298 3688 1396 3732 rnanu
1424 3667 1615 3750 adstabant,
1649 3675 1723 3752 post

271 3789 369 3831 unam
396 3789 557 3855 quamque
585 3769 751 3855 stropham
779 3767 899 3832 laetum
926 3767 1137 3856 ephymnium
1170 3768 1382 3834 succinentes.
1403 3768 1600 3856 respondent
1626 3771 1722 3852 (ὑπα-

271 3869 425 3953 κούουει).
469 3869 525 3936 Sic
546 3869 633 3955 qnod
655 3869 794 3934 canendi
816 3879 925 3957 partes
942 3869 1160 3953 distribuunt,
1184 3869 1442 3934 vetustissimum
1458 3878 1572 3935 cantus
1589 3891 1721 3956 respon-

272 3971 350 4036 sorii
372 3991 492 4036 morem
516 3980 707 4058 sequuntur,
730 3991 825 4056 quern
848 3973 913 4036 iam
928 3993 948 4035 a
962 3970 1179 4058 Therapeutis
1195 3973 1229 4035 in
1244 3972 1397 4058 Aegypto
1413 3971 1597 4036 institutum
1620 3971 1722 4036 fuisse

271 4071 365 4136 Philo
388 4075 422 4138 iu
445 4071 528 4137 libro
550 4074 622 4152 περὶ
646 4073 716 4154 βίου
738 4078 934 4153 θεωρητικοῦ
956 4096 988 4160 p.
1004 4073 1064 4138 901
1089 4072 1139 4152 ed.
1163 4072 1267 4138 Paris.
1290 4095 1320 4137 s.
1347 4073 1429 4136 1640
1451 4073 1501 4137 his
1524 4073 1634 4139 verbis
1657 4081 1721 4137 ret·

270 4171 360 4239 tulit:
392 4176 443 4240 καὶ
475 4174 584 4240 ἔπειτα
612 4175 632 4240 ὁ
659 4175 796 4241 ἀναετὰε
826 4175 928 4256 ὕμνον
956 4177 1024 4260 ᾄδει
1051 4176 1270 4256 πεποιημένον
1297 4174 1341 4240 εἰ(
1368 4176 1427 4241 τὸν
1455 4177 1532 4240 θεὸν
1562 4176 1581 4254 ἢ
1609 4175 1721 4240 καινὸν

270 4276 369 4342 αὐτὸ(
400 4278 584 4356 πεποιηκῶε
612 4278 631 4356 ἢ
663 4277 799 4357 ἀρχαῖόν
830 4298 900 4343 τινα
932 4281 1000 4344 τῶν
1028 4277 1127 4342 πάλαι
1155 4281 1314 4357 ποιητῶν·
1349 4277 1448 4356 μέτρα
1474 4276 1536 4355 γὰρ
1564 4277 1615 4340 καὶ
1642 4276 1720 4357 μέλη

270 4378 512 4444 καταλελοίπαει
540 4380 668 4458 ποιηταὶ
696 4379 801 4462 ἐπῶν,
833 4379 1025 4460 τριμέτρων,
1060 4378 1258 4459 προεοδίων,
1288 4376 1414 4459 ὕμνων,
1442 4376 1721 4457 παραιπονδείων,

269 4479 502 4560 παραβωμίων,
530 4481 704 4562 ιτατίμων,
732 4485 872 4562 χορικῶν
898 4482 1051 4562 ετροφαῑι
1078 4479 1318 4560 πολυιτρόφοιε
1346 4478 1383 4544 εὖ
1406 4480 1718 4561 διαμεμετρημένων·

226 4588 230 4596 ’
269 4582 341 4658 μεθ’
363 4581 402 4645 ὃν
424 4582 476 4645 καὶ
497 4581 528 4645 οἱ
550 4581 644 4647 ἄλλοι
666 4584 746 4647 κατὰ
772 4583 874 4649 τάξειε
896 4583 932 4647 ἐν
955 4583 1061 4665 κόεμιμ
1089 4582 1296 4660 προτήκοντι,
1324 4581 1457 4647 πάντων
1486 4581 1564 4646 κατὰ
1593 4581 1720 4660 πολλὴν

175 4701 180 4712 ·
267 4681 399 4761 ἡτυχίαν
420 4682 648 4764 ἀκροωμένων,
664 4685 749 4764 πλὴν
771 4685 870 4750 ὁπότε
892 4685 932 4748 τὰ
953 4683 1178 4762 ἀκροτελεύτια
1200 4683 1251 4748 καὶ
1273 4682 1411 4765 ἐφύμνια
1433 4683 1522 4766 ᾄδειν
1538 4682 1619 4747 δέοι·
1647 4682 1719 4747 τότε

268 4784 331 4862 γὰρ
353 4785 496 4863 ἐξηχοῦει
518 4785 637 4851 πάντες
660 4806 694 4851 τε
716 4786 766 4851 καὶ
788 4787 893 4851 uicus.
937 4783 1002 4849 Sed
1024 4793 1061 4847 ut
1082 4781 1229 4862 Philonis
1253 4792 1436 4869 suspectam
1460 4782 1557 4846 tidem
1580 4781 1719 4870 vilipen·

505 4943 523 5022 Ι
