3800 5474
533 409 600 463 LlB.
616 409 636 462 Ι.
667 409 714 462 DE
729 407 857 462 POE'l'lS
873 407 1101 463 CHltlSTlANIS
1118 405 1281 536 GRAEQ
1499 408 1627 462 XXXVII

101 539 102 545 ἵ
177 557 275 622 εἶναι·
305 557 356 622 διὸ
384 557 435 621 καὶ
464 555 585 636 ὕμνουε
612 559 716 621 ποιῶν
744 557 833 621 τινὰ(
861 555 910 621 καὶ
938 555 1066 634 (τιχηρὰ
1088 555 1225 632 μελίζων
1247 554 1374 638 docetor
1396 557 1629 636 προετρέπετο·

176 658 249 736 μεθ’
271 657 319 724 ὠν
341 659 451 723 καὶτὸ
474 662 533 723 τοῦ
555 657 708 737 τετάρτου
730 658 812 736 ἤχου
834 657 1031 734 ‘tritossius'
1055 657 1090 721 ἐκ
1111 661 1170 722 τοῦ
1198 658 1278 722 κατὰ
1299 659 1357 738 τὴν
1380 657 1502 737 ὀγδόην
1525 659 1628 742 ᾠδήν·

178 761 309 826 *Ἄκουε
324 759 416 840 κόρη’
433 756 526 841 (vide
542 781 574 845 p.
589 758 666 842 240)
682 759 960 840 μεθορμοεάμενοτ
982 761 1033 824 καὶ
1056 759 1178 841 ῥυθμὸν
1201 758 1313 839 ἕτερον
1336 760 1510 840 παρατχὼν
1533 759 1569 826 ἐν
1590 768 1629 844 τῇ

175 867 235 927 τοῦ
257 865 334 927 θεοῦ
364 861 508 946 ἐκκληείᾳ
535 861 580 926 εἰ(
608 860 751 939 ἐπήκοον
779 861 907 942 ᾄδετθαι
935 861 1118 940 διωρίεατο·
1148 861 1280 942 φέρεται
1309 863 1344 926 δὲ
1372 861 1423 938 καί
1451 881 1497 926 τι(
1520 863 1628 946 λόγος,

177 963 222 1028 ὡς
245 963 342 1044 ἔρωτι
362 968 421 1029 τοῦ
443 964 562 1044 μέλουτ
585 949 783 1044 βολλόμενοε
805 964 885 1028 κατὰ
907 963 966 1042 τὴν
988 962 1129 1044 μεγάλην
1145 962 1309 1041 ἐκκληείαν
1332 963 1368 1029 ἐν
1384 967 1505 1045 φαιδρᾷ
1528 985 1627 1045 πανη·

175 1067 264 1146 rope
286 1067 451 1149 (φαιδραῑε
473 1065 667 1145 πανηγύρετι
690 1064 741 1130 ed.
757 1063 875 1147 Paris.)
900 1065 940 1130 οὐ
961 1065 1165 1148 παρῃτήτατο
1187 1065 1225 1130 τὸ
1249 1068 1461 1146 χειρονομεῖν,
1485 1065 1562 1130 ooo<
1583 1074 1629 1149 τῷ

176 1169 284 1252 κλήρῳ
313 1167 394 1248 ὑπὲρ
422 1167 542 1232 τούτου
570 1166 699 1247 χρυτίου
728 1166 835 1246 λίτρας
862 1166 992 1233 ἑκατόν·
1022 1167 1131 1232 καὶτὸ
1154 1166 1303 1246 ττιχηρόν
1331 1167 1366 1231 δὲ
1394 1167 1433 1232 τὸ
1461 1169 1541 1234 κατὰ
1569 1170 1629 1249 τήν

177 1269 359 1351 βαῑοφόρον
381 1269 420 1335 τὸ
443 1269 617 1336 ’Ἐξέλθετε
639 1269 734 1352 ἔθνη,
757 1269 900 1336 ἐξέλθετε
923 1269 974 1333 καὶ
996 1268 1085 1332 λαοί’
1108 1270 1164 1346 τῆε
1179 1266 1303 1333 ἐκείνου
1319 1270 1416 1349 ccciv
1431 1268 1515 1335 εἶναι
1530 1270 1628 1337 τόκον

175 1375 290 1452 ψυχῆτ.
326 1369 448 1454 Magno
463 1392 541 1435 vcro
557 1371 590 1434 in
605 1369 727 1452 honore
742 1368 904 1434 habentur
925 1369 1178 1433 orthodoxorum
1200 1389 1314 1453 rogum
1336 1369 1472 1436 Leontis
1494 1372 1628 1438 Ἑωθινὰ

175 1483 209 1538 ct
231 1471 438 1538 Constantini
465 1471 797 1558 Porphyrogennetae
824 1471 1113 1552 ’tinnocrsrldpsm
1141 1491 1227 1557 quae
1253 1471 1289 1535 in
1316 1471 1502 1538 notissimos
1526 1471 1627 1538 libros

174 1595 312 1660 graecae
334 1572 507 1656 ecclesiae,
531 1573 746 1656 Octoechum,
770 1572 1022 1654 Paracleticum,
1046 1570 1262 1658 Horologium
1284 1581 1416 1660 recepta
1436 1597 1478 1639 ne
1500 1597 1542 1640 ex
1564 1576 1626 1641 hac
1658 1625 1660 1628 -

175 1675 308 1763 quidem
335 1675 524 1761 anthologia
552 1672 754 1740 seclusimus.
799 1675 1023 1762 Quamquam,
1052 1684 1089 1739 ut
1115 1673 1193 1761 quid
1223 1675 1361 1740 sentiam
1384 1674 1533 1762 eloquar,
1562 1701 1627 1744 non

174 1801 282 1844 meum
314 1777 443 1865 pulchri
474 1778 670 1864 venustique
702 1799 850 1860 sensum,
890 1775 947 1841 scd
980 1777 1146 1842 hominum
1183 1775 1436 1863 byzantinorum
1469 1779 1628 1844 iudicium

172 1881 244 1945 sive
273 1881 380 1968 potius
409 1879 637 1962 ambitionem,
667 1881 701 1944 in
727 1877 789 1944 hac
816 1899 852 1942 re
880 1887 1011 1943 secutus
1040 1901 1122 1943 sum.
1166 1878 1250 1944 Sunt
1278 1879 1365 1944 enim
1392 1878 1451 1944 illa
1471 1883 1627 1967 carmina,

172 1984 201 2048 si
224 1981 303 2068 qnid
325 1980 431 2064 aliud,
460 1980 575 2069 putida
597 1990 630 2046 et
650 1981 782 2046 inficeta
804 2002 909 2067 neque
929 1989 1055 2046 tantam
1078 1981 1273 2067 dignitatem
1302 1992 1478 2048 consecuta
1505 1995 1625 2068 essent,

171 2084 237 2149 nisi
265 2083 457 2170 Byzantini,
491 2105 554 2170 qno
587 2093 680 2148 erant
712 2083 839 2148 abiecto
868 2090 902 2146 et
931 2081 1044 2149 servili
1077 2084 1203 2169 animo,
1237 2084 1329 2170 regia
1356 2086 1550 2150 auctoritate
1579 2087 1626 2150 rei

172 2186 365 2252 tenuitatem
388 2184 498 2252 fulciri
520 2206 618 2272 posse
639 2184 790 2250 arbitrati
812 2196 932 2253 essent.

260 2287 327 2353 Sed
352 2296 389 2352 ut
415 2287 458 2352 ad
486 2288 601 2374 poesin
629 2309 787 2352 canonum
817 2288 966 2372 redeam,
999 2290 1111 2372 graeci
1144 2296 1261 2375 poetae
1294 2310 1398 2376 usque
1429 2288 1473 2352 ad
1505 2311 1625 2356 nonum

172 2388 338 2454 saeculum
360 2388 461 2454 iidem
483 2398 515 2454 et
537 2390 683 2454 carmina
704 2398 890 2476 punxerunt
911 2399 944 2455 et
965 2390 1099 2455 musicis
1122 2389 1262 2455 modulis
1284 2391 1520 2456 instruxerunt.
1564 2392 1623 2457 At·

171 2513 235 2579 que
256 2491 374 2556 musici
396 2505 506 2577 partes
528 2493 613 2557 tanti
634 2491 734 2577 vulgo
757 2490 937 2575 faciebant,
960 2500 997 2556 ut
1019 2489 1215 2558 clarissimos
1238 2503 1370 2579 poetas,
1394 2491 1485 2558 velut
1505 2493 1623 2560 Roma·

169 2615 264 2676 num,
293 2593 449 2658 Ioannem
470 2595 652 2678 μελῳδοὺε,
683 2591 718 2657 id
741 2601 789 2658 est
810 2592 1070 2659 modulationum
1092 2595 1225 2679 (μελῶν)
1254 2595 1487 2680 compositores
1511 2594 1622 2682 appel-

169 2695 291 2777 larent,
323 2703 356 2759 et
378 2703 494 2782 poetae
515 2715 643 2781 quoqne
666 2695 795 2759 nomine
823 2703 934 2759 vetere
961 2715 1051 2759 more
1079 2695 1180 2780 (conl.
1203 2695 1317 2779 Bergk
1344 2696 1464 2760 Poetae
1486 2695 1549 2783 lyr.
1573 2719 1622 2782 gr.

169 2822 201 2885 p.
224 2797 289 2863 820
309 2795 361 2860 cd.
377 2794 445 2881 ΙΙΙ)
468 2794 510 2859 ad
533 2808 698 2862 auctorem
720 2805 753 2861 et
775 2796 950 2862 verborum
973 2805 1005 2861 et
1027 2787 1196 2862 modorum
1218 2797 1471 2883 significandum
1494 2807 1621 2863 uteren-

168 2910 233 2966 tnr.
278 2896 342 2962 Sed
371 2895 452 2962 haee
480 2899 649 2985 scriptoris
678 2908 711 2964 et
738 2899 854 2964 musici
882 2898 1022 2963 societas
1052 2896 1181 2986 saeculo
1208 2921 1293 2964 nono
1323 2910 1356 2965 et
1383 2899 1509 2965 decimo
1538 2899 1623 2966 solvi

170 3009 287 3088 coepta
309 3010 369 3083 est,
392 2999 480 3064 unde
502 3000 690 3067 auctoribus
713 3021 841 3088 qnoque
861 3023 1020 3080 canonum
1043 3022 1107 3065 non
1129 3003 1295 3086 μελῳδῶν,
1319 3001 1378 3067 sed
1399 3002 1620 3084 ὑμνογράφων

169 3124 351 3188 cognomen
372 3101 573 3168 indiderunt.
617 3104 726 3190 Atque
748 3102 829 3168 haec
851 3125 978 3190 quoqne
999 3124 1052 3167 res
1074 3125 1149 3167 cum
1170 3102 1377 3186 auctoritate,
1401 3125 1466 3191 qua
1488 3103 1621 3169 Ioannis

169 3214 202 3270 et
223 3205 362 3270 Cosmae
378 3225 517 3270 canones
532 3204 710 3286 florebant,
733 3213 821 3270 arcte
844 3204 1017 3270 coniuncta
1039 3213 1104 3288 cst;
1128 3226 1166 3269 eo
1189 3206 1293 3290 magis
1316 3207 1402 3270 enim
1424 3207 1502 3271 novi
1525 3228 1620 3270 cano-

167 3328 227 3372 nes
249 3304 439 3392 placebant,
469 3328 531 3392 quo
559 3304 733 3372 similiores
755 3305 901 3394 probatis
923 3306 1037 3371 birmis
1060 3304 1189 3371 illorum
1212 3305 1413 3371 melodorum
1436 3330 1506 3372 csse
1519 3308 1619 3373 'vidc-

168 3409 298 3474 bantur.
344 3408 496 3490 Accedit,
532 3406 619 3495 quod
641 3407 811 3474 modorum
833 3408 936 3472 nimia
958 3409 1100 3473 varietas
1123 3417 1155 3473 ct
1177 3408 1365 3473 cantoribus
1388 3409 1476 3474 haud
1499 3410 1619 3475 medio-

68 3551 72 3558 ·
168 3531 257 3574 crem
272 3509 501 3574 difficultatem
516 3510 653 3597 parabat
675 3519 708 3574 et
728 3509 933 3576 auditoribus
949 3530 1062 3596 parum
1084 3517 1220 3596 accepta
1237 3519 1317 3573 erat.
1358 3507 1401 3572 Ut
1417 3509 1503 3572 enim
1519 3510 1620 3574 verba

168 3621 202 3676 et
225 3612 403 3676 sententias
427 3610 510 3678 alias
533 3611 589 3676 alii
611 3611 682 3676 dies
706 3612 782 3676 festi
803 3610 1015 3696 flagitabant,
1046 3612 1094 3676 ita
1122 3609 1290 3674 modorum
1319 3609 1417 3677 decor
1440 3618 1472 3674 ct
1493 3609 1620 3676 laetitia

166 3715 237 3779 scre
259 3711 408 3778 omnibus
431 3713 668 3780 festivitatibus
685 3713 851 3796 ecelesiae,
875 3720 906 3777 et
922 3733 1004 3800 quac
1020 3712 1144 3778 Christi
1160 3712 1284 3778 domini
1298 3713 1490 3799 Mariacque
1505 3715 1619 3778 matris

168 3816 273 3880 vitam
294 3813 485 3901 spectabant
508 3825 644 3902 atquae
672 3824 852 3901 martyrum
879 3815 1024 3903 praemia
1052 3813 1278 3899 celebrabant,
1306 3814 1424 3879 idonea
1445 3823 1543 3902 atque
1566 3837 1618 3879 ac·

166 3916 371 3983 commodata
393 3927 495 3982 erant.
540 3917 616 3998 Quo
638 3916 761 3982 factum
784 3924 850 4000 est,
879 3926 915 3981 nt
937 3917 1001 3980 iam
1025 3916 1256 4002 Theophanes,
1284 3937 1380 4004 quem
1403 3938 1476 3982 cum
1499 3917 1619 3982 Cosma

166 4029 200 4085 et
222 4016 344 4084 Ioanne
372 4011 552 4084 carminum
579 4018 872 4084 ecclesiasticorum
900 4027 1048 4084 auctores
1079 4018 1293 4107 Byzantinis,
1320 4029 1357 4084 ut
1383 4018 1564 4084 Homerum
1587 4029 1619 4084 et

166 4119 350 4186 Hesiodum
365 4120 533 4186 veteribus
549 4120 685 4186 Graecis
700 4118 938 4207 mythologiae,
962 4122 1129 4186 exstitisse
1146 4119 1315 4185 Cedrcnus
1331 4144 1362 4207 p.
1378 4120 1441 4185 456
1456 4120 1489 4183 D
1505 4119 1616 4202 refert,

165 4223 201 4286 in
234 4222 301 4287 suis
335 4221 513 4288 canonibus
540 4221 673 4289 Ioannis
702 4223 848 4310 probatis
884 4223 990 4288 modis
1025 4244 1122 4309 quam
1153 4223 1248 4288 novis
1282 4223 1330 4286 uti
1364 4220 1483 4285 mallet.
1535 4221 1616 4286 Eius

165 4322 369 4410 exemplum,
404 4325 459 4411 qui
492 4325 741 4413 insequentibus
774 4325 975 4413 temporibus
1009 4345 1150 4389 canones
1188 4325 1466 4410 conscripserunt,
1504 4345 1616 4389 omnes

164 4427 270 4491 secuti
292 4434 385 4508 sunt,
408 4435 444 4491 ut
466 4426 625 4516 Iosephus
646 4426 932 4516 hymnographus,
960 4425 1209 4512 Metrophanes,
1240 4423 1420 4510 Georgius,
1443 4426 1615 4509 Arsenius,

163 4525 324 4612 Basilius,
355 4525 523 4613 Clemens,
550 4529 718 4614 Ignatius,
747 4527 948 4615 Stephanus,
977 4528 1152 4610 Tarnaias,
1183 4525 1250 4592 alii.
1295 4526 1344 4592 Ne
1373 4527 1407 4590 in
1434 4525 1615 4592 minoribus

163 4629 298 4718 quidem
320 4631 477 4716 poematis
500 4639 613 4716 poetas
636 4630 732 4696 huius
755 4633 873 4696 aetatis
895 4631 1046 4718 antiquos
1062 4651 1213 4694 numeros
1230 4629 1409 4717 modosque
1424 4637 1614 4716 aspernatos

162 4751 237 4796 esse
259 4731 393 4819 losephi
416 4739 449 4796 et
470 4731 678 4820 Theophanis
701 4735 830 4813 ττιχηρὰ
848 4733 889 4796 ed
907 4731 1074 4819 exemplar
1089 4741 1236 4796 veterum
1258 4731 1434 4798 hirmorum
1458 4753 1615 4820 expressa

161 4833 406 4919 demonstrant3
440 4856 637 4922 quamquam
658 4835 693 4900 in
719 4833 780 4899 hae
809 4843 902 4922 parte
929 4834 1073 4899 musicae
1101 4834 1211 4900 studia
1238 4836 1343 4920 magis
1372 4835 1517 4901 exercita
1544 4855 1614 4900 esse
