3800 5474
308 373 356 427 LX
889 366 1172 426 Paetueouffltlt.

308 541 369 582 nee
397 517 480 582 alius
510 519 664 582 carminis
692 518 913 583 modulatione
942 517 1054 581 utitur.
1100 515 1208 600 Vulgo
1237 514 1454 581 hoc‘rlomine
1482 537 1520 580 ea
1543 517 1688 602 troparia
1711 515 1758 581 in-

308 621 503 702 signiuutur,
519 642 654 704 querum
677 620 719 682 ad
743 617 910 705 exemplar
931 618 1061 698 (τιχηρά
1082 618 1260 699 προεόμοιο
1282 619 1462 703 composita
1483 627 1569 682 aunt.
1615 618 1669 680 Sic
1693 625 1758 682 tre-

308 721 435 805 parium
471 720 733 806 antiquissimum
767 722 907 787 Ἔδωκαε
942 721 1106 800 ιημείιυειν
1133 722 1200 786 τοῑε
1227 721 1445 801 φοβουμένοιι
1472 739 1519 796 ce,
1548 719 1634 799 κύριε
1661 742 1694 805 p.
1716 719 1759 782 68

306 821 492 886 automelon
519 820 627 902 audit,
656 822 742 908 qued
772 843 855 904 quae
883 829 1062 906 sequuntur
1089 823 1219 901 ετιχηρά
1246 821 1426 901 προεόμοια
1452 821 1562 884 ornnia
1583 819 1701 885 iisdem
1726 831 1760 886 et

307 924 450 1009 numeris
473 922 665 1008 rhythmicis
688 933 720 986 et
742 923 847 988 medis
870 923 1002 987 musicis
1025 931 1170 988 utuntur.

303 1067 305 1070 -
333 1103 339 1114 ⁸
392 1024 535 1104 Εἱρμόν
563 1025 633 1088 sive
659 1025 800 1089 hirmum
827 1025 971 1089 Zonaras
999 1023 1033 1087 in
1056 1023 1307 1088 Commentariis
1329 1045 1487 1088 canonum
1511 1024 1645 1088 Ioannis
1669 1023 1758 1107 (Bei-

308 1135 399 1210 trttge
423 1127 455 1189 S.
477 1127 512 1206 2)
540 1126 588 1190 sie
616 1127 865 1211 interpretatur:
903 1127 939 1192 ‘0
962 1128 1019 1206 μὲν
1049 1125 1108 1192 οὖν
1136 1126 1244 1205 εἱρμόε
1271 1126 1408 1206 ἁρμονία
1429 1127 1475 1191 rit
1497 1128 1560 1191 ἐετι
1581 1127 1699 1204 μέλουι
1722 1127 1759 1194 έν

308 1229 447 1292 ευνδέεει
475 1231 589 1307 φωνῆε
617 1228 777 1309 ἐνάρθρου
805 1249 840 1294 τε
867 1230 919 1293 καὶ
947 1231 1136 1308 εημαντικοῡ
1164 1227 1328 1310 ὡριεμένιμ
1361 1227 1421 1293 τινὶ
1452 1228 1557 1311 μέτριμ
1586 1228 1636 1292 καὶ
1666 1235 1758 1312 ποιῷ

307 1329 461 1409 μεγέθους
483 1331 760 1411 περιγραφομένη·
782 1329 849 1408 ἥτιε
871 1329 1008 1410 ἁρμονία
1030 1329 1252 1409 προωριεμένη
1267 1349 1301 1394 τε
1316 1329 1367 1393 καλ
1388 1317 1637 1408 προεγνωιμένη
1660 1349 1759 1408 πρου-

307 1432 463 1506 πόκειται,
497 1433 579 1510 αρὸε
612 1433 652 1509 ἣν
683 1433 724 1497 τὰ
750 1431 908 1512 λεγόμενα
937 1432 1095 1511 τροπὰρια
1123 1429 1332 1511 ἀναφέρεται·
1362 1429 1464 1496 οἱονεὶ
1490 1429 1552 1508 γὰρ
1580 1429 1662 1510 ἀρχὴ
1690 1434 1759 1496 τῶν

306 1531 492 1611 τροπαρίων
516 1533 579 1598 tert
602 1535 652 1598 καὶ
673 1533 834 1610 κανόνων,
863 1533 933 1599 ἐπεὶ
960 1533 1000 1597 τὰ
1022 1532 1180 1611 τροπάρια
1202 1531 1255 1598 διὰ
1276 1533 1334 1596 τοῦ
1357 1529 1466 1611 εἱρμοῦ
1488 1531 1685 1598 κανονίξεται
1708 1533 1759 1598 καὶ

309 1633 501 1715 ῥυθμίζεται,
530 1635 612 1714 πρὸ(
640 1635 740 1700 αὐτὸν
769 1635 814 1701 ὼε
840 1635 1083 1715 προϋπόδειγμα
1111 1634 1316 1712 ευντιθέμενα
1342 1631 1394 1698 καλ
1420 1631 1622 1712 ἁρμοζόμενά
1650 1635 1757 1698 τεκαὶ

292 1735 547 1818 ’μελῳδούμεναΙ
583 1733 789 1800 Simillimam
811 1736 913 1820 igitur
933 1736 1000 1800 vim
1022 1743 1121 1820 atque
1143 1731 1411 1818 significationem
1434 1753 1508 1796 cum
1531 1733 1592 1798 hec
1613 1733 1757 1800 vocabu·

309 1834 376 1899 lum
398 1842 496 1920 atque
518 1834 614 1916 illud,
637 1835 678 1900 de
701 1859 763 1923 quo
778 1836 874 1902 modo
891 1836 1049 1917 diximus,
1073 1833 1230 1916 habeant,
1255 1834 1302 1898 ita
1317 1843 1424 1900 tamen
1439 1834 1525 1898 inter
1540 1855 1575 1898 se
1591 1833 1757 1916 differunt,

309 1948 346 1999 ut
368 1936 474 2017 εἱρμόι
496 1937 537 2000 ad
560 1935 640 2001 odas
668 1938 817 2018 canonis,
846 1937 1027 2016 αὐτόμελον
1053 1937 1096 2001 ad
1124 1935 1254 2016 (τιχηρὰ
1280 1935 1460 2014 προιόμοια
1487 1933 1658 2000 referatur.
1702 1936 1757 2002 Sic

309 2036 441 2102 loannis
463 2038 559 2124 primi
580 2039 714 2103 canonis
737 2037 869 2103 iambici
892 2038 1015 2123 primae
1038 2037 1120 2102 odae
1142 2039 1247 2124 prima
1269 2037 1403 2123 stropha
1417 2037 1533 2103 Ἐειυαε
1549 2037 1631 2103 λαόν
1646 2061 1679 2124 p.
1694 2037 1758 2104 205

309 2139 449 2221 hirmos,
482 2139 626 2204 secunda
650 2142 785 2217 Ἠνεγκε
813 2141 932 2220 γαετὴρ
960 2148 992 2204 et
1020 2140 1117 2204 tertia
1144 2141 1281 2206 Ἔδειξεν
1312 2139 1408 2218 ἀετὴρ
1435 2138 1581 2224 tropario
1608 2137 1756 2204 audiunt.

279 2323 283 2328 Ι
308 2239 485 2304 Difficilius
508 2252 558 2306 est
580 2239 622 2304 ad
646 2239 837 2321 dicendum,
858 2262 943 2326 quae
959 2239 1111 2306 vocabuli
1133 2238 1307 2325 originatie
1329 2248 1363 2303 et
1385 2239 1539 2325 primaria
1560 2240 1756 2324 significatio

309 2341 419 2406 luerit.
463 2341 573 2428 Atque
601 2340 813 2407 similitudine
840 2339 936 2405 latini
963 2341 1113 2407 vocabuli
1143 2347 1282 2406 ‘tractus
1291 2349 1312 2422 ',
1342 2363 1406 2426 quo
1428 2341 1536 2406 medio
1558 2362 1641 2405 aevo
1662 2342 1755 2407 lubili

307 2441 439 2506 alleluia
461 2451 658 2529 protractam
682 2442 934 2509 modulationem
958 2442 1187 2528 significabant
1200 2442 1301 2526 (conf.
1313 2441 1352 2506 F.
1363 2441 1458 2507 Wolf
1471 2441 1535 2506 Die
1550 2443 1628 2507 Lais
1644 2443 1678 2508 S.
1690 2443 1755 2528 97),

308 2542 406 2608 facile
427 2543 545 2630 aliquis
568 2543 680 2609 induci
703 2546 823 2630 possit,
852 2553 889 2609 ut
909 2565 1061 2630 graecum
1084 2542 1278 2609 vocabulum
1302 2552 1335 2608 et
1356 2544 1463 2628 ipsam
1485 2544 1528 2608 ab
1550 2543 1642 2609 voris
1664 2544 1754 2610 flexi·

309 2647 369 2709 bus
391 2647 424 2709 iu
447 2645 610 2710 infinitum
637 2647 810 2730 protractis
839 2643 935 2710 simili
963 2644 1059 2710 modo
1082 2646 1269 2732 impositum
1293 2665 1363 2708 esse
1385 2645 1571 2726 arbitretur,
1594 2668 1658 2732 quo
1681 2647 1754 2712 Ari·

307 2745 440 2812 stoteles
462 2747 495 2811 in
518 2747 614 2812 Rhet.
637 2744 700 2828 111,
724 2747 743 2812 9
766 2749 934 2829 εἰρομένην
956 2750 1050 2824 λέξιν,
1072 2768 1156 2833 quae
1179 2745 1358 2812 clausulam
1380 2768 1444 2812 non
1467 2745 1587 2812 habeat
1609 2745 1756 2812 delinivit

308 2857 340 2912 et
362 2851 443 2916 λέξει
465 2849 718 2933 κατεετραμμένῃ
741 2850 937 2915 contrariam
965 2849 1068 2934 ponit.
1117 2847 1182 2913 Sed
1203 2869 1276 2911 eum
1297 2846 1394 2911 hirmi
1417 2869 1576 2914 canonum
1597 2850 1753 2936 antiquis-

308 2950 380 3016 simi
412 2948 494 3014 adeo
523 2971 587 3014 non
621 2951 776 3036 protracti
805 2951 884 3031 sint,
918 2961 954 3015 ut
981 2948 1127 3034 singulas
1155 2947 1300 3035 syllabas
1328 2947 1468 3034 singulis
1496 2949 1585 3015 vocis
1614 2949 1755 3016 flexibus

308 3050 446 3115 reddere
473 3049 613 3132 soleant,
642 3052 790 3137 equidem
819 3052 926 3136 potius
949 3050 990 3116 de
1012 3052 1100 3117 sonis
1127 3053 1160 3115 in
1187 3073 1285 3116 unam
1313 3050 1500 3137 periodum,
1529 3061 1695 3138 tamquam
1722 3055 1754 3117 in

307 3162 455 3218 catenam
478 3152 668 3238 coniunctis,
691 3152 914 3236 cogitaverim.
951 3153 1062 3239 Atque
1083 3152 1164 3218 haee
1186 3151 1387 3240 etymologia
1401 3162 1512 3218 vetere
1527 3175 1587 3217 usu
1604 3153 1754 3218 vocabuli

307 3256 468 3339 ῥαψῳδοῦ
490 3253 633 3334 fulcitur,
655 3275 750 3340 quem
763 3251 941 3318 scholiasta
955 3253 1090 3319 Pindari
1104 3254 1198 3318 Nem.
1214 3252 1260 3337 11,
1276 3255 1297 3318 2
1312 3254 1393 3319 scite
1407 3254 1457 3319 his
1473 3254 1583 3319 verbis
1606 3257 1753 3341 exponit:

293 3358 383 3421 ·τοὺε
411 3357 588 3440 ῥαψῳδοὺς
615 3357 648 3422 οἱ
676 3362 733 3438 μὲν
762 3356 950 3439 ῥαβδιμδοὺε
979 3357 1207 3435 ἐτυμολογοῡει
1228 3359 1280 3422 διὰ
1301 3357 1340 3422 τὸ
1361 3357 1439 3435 μετὰ
1462 3355 1582 3437 ῥάβδου
1605 3359 1756 3437 δηλονότι

257 3463 262 3474 “
307 3459 346 3523 τὰ
368 3458 509 3539 Ὁμήρου
530 3459 592 3540 ἔπη
614 3460 761 3526 διεξιέναι
783 3507 789 3522 .
814 3506 820 3522 .
843 3509 849 3523 .
871 3509 878 3523 .
902 3458 932 3524 ol
954 3459 989 3523 δέ
1012 3478 1122 3540 φαειν,
1151 3458 1250 3525 ὁπότε
1273 3457 1474 3543 ῥαψῳδοῖεν,
1502 3457 1601 3542 eppe
1624 3459 1686 3524 τινί
1707 3459 1757 3524 καὶ

308 3560 397 3642 ῥαφῇ
419 3561 641 3639 παραπλήαον
663 3563 770 3626 ποιεῖν
792 3559 835 3624 εί(
857 3561 892 3624 ἓν
916 3561 1016 3639 αὐτὴν
1039 3557 1187 3636 ἄγοντας.
1235 3559 1350 3653 Uti-am
1373 3569 1483 3624 autem
1505 3557 1755 3646 explicationem

308 3647 516 3744 probaveris,
550 3659 610 3725 hoe
640 3671 766 3726 certum
793 3669 843 3725 est
871 3679 982 3724 vocem
1009 3661 1120 3742 είρμοῡ
1153 3660 1332 3746 antiquitus
1359 3669 1475 3726 cantus
1504 3658 1755 3726 modulationem

307 3759 509 3843 significasse
538 3770 570 3825 et
598 3771 711 3849 postea
737 3761 779 3826 ad
806 3763 951 3827 earmina
973 3761 1184 3828 modulationi
1206 3762 1254 3826 illi
1277 3761 1518 3828 accommodata
1540 3762 1757 3849 significanda

308 3858 500 3925 translatam
520 3883 600 3926 esse.
645 3862 745 3928 Plura
765 3874 873 3928 autem
896 3886 993 3930 nosse
1016 3865 1044 3928 si
1063 3865 1154 3930 euius
1174 3864 1338 3948 intererit,
1361 3863 1457 3930 adeat
1479 3862 1625 3930 libellum
1647 3885 1755 3930 meum

308 3961 462 4046 Beitrttge
483 3985 542 4027 zur
563 3964 766 4030 kirehlichen
787 3965 953 4030 Literatur
975 3965 1033 4029 der
1054 3965 1256 4052 Byzantiner
1277 3963 1310 4030 S.
1336 3965 1375 4029 12
1397 3965 1430 4028 ff.

393 4064 758 4147 Ἐξαποετειλὰριον
781 4069 960 4152 troparium
975 4065 1183 4151 intellegitur,
1204 4067 1290 4154 quod
1306 4068 1339 4131 in
1354 4068 1522 4132 matutinis
1538 4065 1656 4131 officiis
1671 4067 1758 4132 inter

307 4187 463 4231 canonem
492 4178 524 4231 et
551 4169 662 4236 αἴνου(
690 4170 760 4234 sive
788 4167 930 4255 psalmos
956 4168 1133 4233 148-150
1159 4169 1285 4234 cantari
1308 4167 1399 4260 solet.
1444 4166 1658 4240 Nobilissima
1679 4179 1758 4234 sunt

307 4267 459 4332 undecim
482 4269 742 4352 ἐξαποετειλάρια
764 4271 956 4350 ἀναιτάιιμα
975 4291 995 4334 a
1016 4269 1231 4336 Constantino
1247 4268 1553 4355 Porphyrogennete
1577 4271 1758 4355 composita

308 4383 340 4432 et
362 4371 395 4433 in
417 4380 565 4438 extrema
587 4371 747 4438 Oeteecho
770 4381 802 4436 et
824 4369 1023 4436 Paracletice
1045 4369 1219 4454 collocata3
1249 4381 1379 4458 praeter
1406 4369 1484 4436 haee
1507 4371 1756 4456 praecipuarum

308 4469 548 4536 solemnitatum
583 4474 714 4558 propria
746 4473 1005 4551 ἐξαποετειλάρια
1037 4472 1071 4535 ἰα
1103 4471 1247 4537 Menaeis
1285 4481 1426 4538 exstant.
1481 4471 1630 4536 Nominis
1663 4473 1756 4559 erigo

307 4574 447 4638 obseura
474 4583 538 4657 est;
575 4573 779 4660 Nicephorus
801 4571 932 4659 quidem
955 4594 1026 4638 eam
1048 4573 1125 4638 inde
1156 4572 1364 4660 repetendam
1395 4595 1467 4638 esse
1495 4573 1636 4655 censuit,
1667 4573 1758 4660 quod

308 4673 387 4738 haee
410 4675 554 4738 carnnna
575 4674 802 4761 antiquissimo
824 4675 967 4761 tropario
989 4676 1245 4744 ’Ἐξαπόετειλον
1267 4677 1306 4742 τὸ
1321 4681 1393 4756 auc
1408 4697 1479 4753 ceu,
1504 4675 1614 4754 Χριετὲ
1636 4675 1757 4756 ὁθεὸε,

307 4778 360 4840 καί
381 4775 532 4856 φαίτιεονΙ
546 4778 604 4856 τὴν
627 4777 759 4859 καρδίαν
782 4795 856 4855 μου,
880 4777 1080 4857 προεταείακ
1102 4781 1168 4844 τῶν
1191 4775 1383 4857 ἀειυμάτιαν,
1407 4779 1456 4844 καὶ
1479 4777 1580 4845 εῶεόν
1602 4781 1657 4856 με’
1683 4799 1756 4844 sue·
