3800 5474
329 426 403 482 LXX
915 422 1198 488 PROLEGOMENA.
1238 463 1239 467 ,

416 573 593 658 Postquam
617 592 738 656 genera
759 571 939 634 carminum
965 569 1257 634 ecelesiasticorum
1281 590 1455 654 eorumque
1478 568 1610 632 numina
1632 570 1787 654 exposui-

330 697 419 752 mus,
447 672 589 739 indicem
618 672 791 753 librorum,
819 671 937 756 quibus
960 673 1104 737 earmina
1126 669 1349 736 ecclesiastica
1376 669 1706 757 comprehenduntur,
1728 671 1786 735 ad·

330 778 490 844 iioiamus.

415 877 649 958 Ψαλτήριον
673 897 717 940 sc.
734 877 856 957 βιβλίον
878 873 1021 959 psalmos
1043 884 1077 939 et
1099 875 1227 940 cantica
1249 895 1343 940 sacra
1364 873 1608 961 complectitur3
1632 876 1786 940 vetustis·

331 981 449 1046 simum
478 978 515 1041 in
538 976 651 1042 codice
673 975 899 1043 Alexandrino
927 975 1087 1042 versionis
1116 997 1254 1061 graecae
1284 977 1405 1042 veteris
1433 977 1635 1042 Testamenti
1665 987 1786 1058 exstat,

331 1082 425 1149 cuius
454 1099 552 1166 saepe
579 1100 714 1145 numero
741 1081 806 1144 iam
828 1081 865 1143 in
885 1078 946 1144 hoc
973 1076 1057 1143 libro
1080 1079 1279 1143 mentionem
1302 1078 1455 1160 fecimus,
1483 1086 1613 1164 praeter
1641 1077 1787 1164 psalmos

330 1179 574 1270 quatuordecim
609 1179 692 1246 odae
725 1181 759 1246 in
795 1203 833 1247 eo
867 1183 1008 1267 scriptae
1042 1189 1135 1260 sunt,
1168 1201 1284 1244 novem
1313 1181 1386 1244 dico
1419 1178 1547 1243 cantica
1574 1188 1689 1265 postea
1716 1181 1788 1244 sola

330 1285 541 1372 comprobata
574 1291 607 1346 et
638 1285 801 1362 προεευχὴ
829 1283 981 1359 Ἐζεκίου,
1018 1283 1180 1361 ποοεευχή
1216 1283 1398 1361 nunaunt,
1431 1283 1592 1361 προεεοχὴ
1629 1283 1787 1362 Ἀζαρίοο,

331 1388 493 1469 προεεοχὴ
529 1385 674 1464 (υμεὼν,
709 1385 807 1465 ὕμνοι
840 1385 989 1460 ἑωθινὸς,
1025 1403 1162 1469 quorum
1195 1382 1397 1447 canticorum
1431 1383 1495 1446 tria
1530 1385 1642 1469 priora
1679 1393 1785 1448 aetate

330 1487 558 1553 Alexandrina
578 1507 599 1549 a
620 1485 727 1550 doctis
755 1484 903 1566 Iudaeis,
933 1493 970 1549 ut
997 1485 1077 1550 loeis
1106 1483 1226 1549 veteris
1255 1483 1472 1568 Testamenti,
1503 1483 1645 1570 Paralip.
1669 1483 1722 1566 ΙΙ,
1745 1487 1787 1550 33

331 1600 364 1654 et
386 1590 473 1654 Dan.
495 1588 530 1666 3,
565 1588 795 1666 insererentur,
826 1587 1006 1672 composita
1033 1606 1106 1650 esse
1133 1585 1362 1671 perhibentur,
1390 1596 1543 1671 quartum
1572 1586 1634 1649 sub
1656 1587 1789 1652 nomine

332 1690 541 1758 ἀπολυτικίου
570 1690 604 1754 in
633 1689 743 1754 officia
778 1687 967 1773 vespertina
1002 1697 1119 1774 postea
1153 1697 1319 1773 receptum
1355 1697 1422 1768 est,
1459 1688 1607 1774 quintum
1644 1687 1789 1775 denique

332 1795 520 1859 etiamnunc
542 1790 576 1854 in
599 1789 737 1856 ecclesia
757 1809 876 1875 graeca
898 1789 999 1854 variis
1021 1787 1224 1873 temporibus
1252 1797 1412 1854 cantatur.
1457 1789 1653 1853 Recentiora
1679 1800 1789 1854 autem

331 1893 503 1984 psalteria,
526 1900 560 1956 et
580 1913 663 1978 quae
685 1913 783 1956 manu
805 1892 930 1978 scripta
952 1898 984 1954 et
1006 1911 1089 1976 quae
1111 1888 1202 1976 prelo
1225 1910 1347 1954 excusa
1368 1900 1454 1972 sunt,
1478 1889 1620 1955 Davidis
1643 1889 1788 1976 psalmos

312 1999 367 2062 vin
388 1994 508 2081 viginti
531 1995 701 2075 καθίεματα
722 1992 832 2057 divisa
854 2002 887 2056 et
907 2013 1024 2056 novem
1047 1992 1175 2056 cantica
1196 2011 1288 2056 sacra
1310 1991 1597 2078 comprehendunt.

417 2095 712 2178 Ῐροπολόγιον,
746 2096 775 2159 si
803 2095 895 2158 vocis
929 2092 1089 2177 originem
1117 2102 1262 2179 spectes,
1297 2092 1382 2158 liber
1414 2103 1527 2180 tropos
1558 2093 1612 2157 vel
1640 2096 1788 2182 tropario

226 2229 228 2234 ·
333 2195 792 2288 complectensintellegitur,
820 2206 854 2261 et
876 2215 913 2259 co
940 2203 1102 2282 tempore,
1129 2217 1193 2280 quo
1221 2216 1379 2260 canonum
1406 2196 1514 2280 poesis
1542 2193 1687 2260 nondum
1715 2217 1788 2282 per-

332 2301 520 2380 crebuerat,
543 2307 708 2383 tamquam
730 2295 993 2384 supplementum
1013 2295 1161 2384 psalterii
1184 2295 1285 2360 fuisse
1300 2294 1441 2361 videtur.
1480 2296 1542 2362 Sed
1559 2297 1624 2360 iarn
1647 2297 1682 2360 in
1705 2299 1789 2362 anti-

333 2401 493 2490 quissimo
520 2397 703 2484 tropologia
710 2446 718 2480 ,
748 2399 840 2462 cuius
868 2399 1018 2462 notitiam
1041 2397 1131 2463 Pitra
1153 2397 1337 2483 Hymnogr.
1359 2421 1391 2483 p.
1414 2398 1456 2462 49
1479 2419 1520 2462 ex
1542 2396 1657 2463 codice
1679 2399 1789 2464 Corsi·

332 2505 429 2568 niauo
451 2501 574 2578 hausit,
598 2509 728 2586 praeter
750 2498 866 2565 brevia
883 2499 1030 2586 troparia
1051 2497 1149 2583 longa
1169 2500 1314 2564 carmina
1327 2499 1483 2580 Romani,
1507 2501 1687 2582 Anastasii,
1710 2499 1789 2564 alio-

331 2627 405 2670 rum
432 2600 611 2668 seeundum
638 2623 766 2666 menses
798 2602 876 2668 anni
908 2599 1038 2686 digesta
1069 2601 1256 2666 exstabant.
1301 2600 1477 2687 Postquam
1511 2609 1621 2665 autem
1654 2600 1788 2666 Ioannis

332 2705 547 2787 Damasceni,
570 2703 709 2770 Oosmae
730 2700 1041 2789 Hierosolymitani,
1065 2700 1275 2788 Theophanis
1299 2701 1480 2766 canonibus
1503 2711 1617 2767 vetera
1638 2701 1696 2766 illa
1719 2725 1788 2768 car·

333 2808 421 2872 mina
442 2805 515 2872 loeo
537 2816 626 2871 mota
647 2814 742 2887 sunt,
770 2826 888 2870 nomen
909 2803 953 2868 ad
975 2803 1174 2869 Oetoechum
1197 2803 1390 2868 translatum
1413 2823 1484 2867 esse
1506 2803 1619 2868 codiee
1642 2804 1789 2871 Vindob.

332 2907 431 2975 theol.
447 2931 480 2972 n.
498 2908 558 2972 146
580 2927 665 2971 saec.
682 2905 749 2972 XV
764 2906 929 2987 docemur,
952 2905 1044 2970 cuius
1067 2905 1102 2968 in
1124 2903 1181 2973 iol.
1198 2903 1318 2969 XXIV
1341 2903 1394 2968 hic
1416 2904 1531 2970 titulus
1554 2905 1708 2993 scriptus·
1722 2917 1789 2970 est:

334 3010 560 3091 Ῐροπολόγιον
583 3009 653 3088 ἤτοι
675 3009 839 3088 ὀκτώηχοε
849 3009 1051 3087 -περιὲχουεα
1065 3009 1105 3073 τά
1119 3027 1153 3073 τε
1170 3007 1301 3087 ετιχηρὰ
1316 3007 1486 3087 rodicauso
1504 3012 1570 3074 τῶν
1585 3007 1672 3073 ὀκτὼ
1687 3009 1789 3088 ἤχων,

332 3113 409 3178 τοὺς
437 3097 664 3190 percurrerim,
693 3111 733 3176 τὰ
761 3110 880 3176 ἑωθινὰ
906 3109 956 3174 καὶ
984 3111 1101 3188 λοιπὴν
1128 3113 1232 3174 adrev
1266 3108 1460 3175 ἀκολουθίαν
1488 3109 1633 3188 ευνήθωε
1661 3113 1789 3189 euto-

332 3213 443 3293 μένην.
488 3209 594 3298 Typis
616 3211 817 3296 exscriptum
839 3209 1058 3296 Tropologion
1080 3211 1158 3274 novi
1180 3208 1316 3273 nullum.

419 3313 602 3391 Ὀκτώηχοο
625 3333 671 3376 sc.
695 3313 802 3394 βίβλοε
824 3333 941 3378 nomen
963 3311 1041 3374 inde
1062 3312 1206 3398 accepit,
1236 3310 1324 3398 quod
1346 3310 1492 3376 earmina
1513 3312 1694 3377 seeundum
1716 3325 1791 3378 oeto

332 3424 428 3482 tonos
450 3414 579 3498 (ἤχους)
601 3415 744 3478 musicae
773 3411 1013 3478 ecclesiasticae
1041 3411 1201 3497 disposita
1230 3414 1390 3495 continet,
1418 3433 1524 3499 neque
1546 3421 1656 3477 tamen
1679 3417 1791 3480 omnia

332 3516 478 3582 carmina
499 3536 606 3598 sacra,
630 3514 687 3580 sed
710 3537 749 3580 ea
770 3524 915 3596 tautum,
938 3513 1076 3600 quaein
1100 3512 1218 3578 officiis
1241 3514 1308 3579 diei
1330 3513 1513 3579 dominicae
1535 3514 1604 3599 (τῆς
1626 3523 1791 3598 κυριακῆε)

332 3624 523 3699 cantantur,
554 3617 798 3704 complectitur3
831 3614 892 3680 hoo
924 3624 1033 3680 autem
1066 3613 1121 3678 die
1148 3615 1234 3700 quod
1262 3617 1528 3681 ressurrectionis
1556 3599 1789 3700 (drucru'rceurt)

332 3716 459 3784 Christi
481 3719 667 3782 memoriam
689 3716 868 3798 celebrant,
891 3737 1032 3781 canones
1051 3725 1084 3781 et
1099 3717 1244 3801 tropario
1258 3715 1414 3782 Oetoechi
1430 3717 1622 3797 dvucrdtrpu
1637 3718 1789 3784 audiunt.

332 3820 510 3884 Auctorem
534 3817 610 3882 libri
632 3816 731 3902 vulgo
753 3818 910 3882 Ioannem
931 3817 1171 3882 Damascenum
1194 3839 1265 3882 esse
1287 3817 1475 3904 perhibent,
1499 3816 1557 3882 sed
1586 3820 1790 3886 carminibus

332 3919 480 4001 Ioannis,
509 3920 563 3985 cui
586 3919 755 4006 dispositio
779 3919 853 3986 libri
876 3918 1053 3985 secundum
1086 3929 1159 3984 octo
1189 3929 1281 3984 tonos
1309 3918 1462 4000 debetur,
1491 3930 1605 4006 postea
1625 3923 1789 4004 Anatolii,

332 4022 574 4110 Metrophanis,
603 4020 828 4103 Constantini,
862 4022 997 4087 Leontis
1030 4041 1171 4087 canones
1201 4029 1233 4086 et
1262 4022 1407 4108 tropario
1438 4021 1554 4088 addita
1584 4043 1656 4088 esse
1688 4047 1791 4112 supra

335 4147 366 4210 p.
391 4123 489 4190 XLV
510 4123 815 4188 demonstravimus.

416 4227 693 4308 Παρακλητική
717 4248 762 4291 sc.
786 4226 920 4306 βίβλολ(
943 4234 976 4289 et
990 4224 1063 4312 ipsa
1077 4224 1223 4290 oarurina
1243 4225 1421 4290 secundum
1444 4238 1517 4293 octo
1540 4237 1634 4293 tonos
1658 4227 1792 4314 digesta

332 4327 447 4410 habet,
476 4325 534 4391 sed
562 4336 691 4413 praeter
719 4327 784 4392 diei
812 4327 995 4393 dominicae
1022 4325 1158 4392 aliorum
1182 4346 1309 4412 quoque
1331 4326 1458 4391 dierum
1481 4327 1696 4394 hebdomadis
1718 4352 1791 4395 car-

332 4431 421 4494 mina
442 4429 597 4494 continet.
642 4428 844 4516 Ampliiicati
866 4427 942 4494 libri
963 4437 1114 4493 auctores
1129 4425 1319 4510 Theodorus
1343 4438 1375 4493 et
1397 4429 1557 4516 Iosephus
1580 4429 1731 4496 Studitae
1755 4434 1792 4496 in

332 4530 500 4597 codicibus
527 4528 697 4611 dicuntur,
728 4532 874 4596 earmina
900 4538 1009 4595 autem
1031 4531 1105 4616 ipsa
1127 4527 1253 4594 dierum
1276 4529 1412 4595 aliorum
1433 4533 1498 4596 alia
1519 4533 1652 4598 nomina
1674 4535 1793 4600 sortitu

332 4641 425 4714 sunt;
455 4641 493 4696 ut
514 4631 600 4696 euim
622 4631 689 4695 diei
711 4633 892 4697 dominicae
914 4651 1054 4696 canones
1077 4633 1292 4713 ἀναετὰειμοι,
1320 4633 1367 4697 ita
1394 4633 1529 4698 secundi
1552 4643 1585 4698 et
1606 4637 1697 4700 tertii
1719 4634 1793 4701 diei

334 4732 565 4808 κατανυκτικολ,
594 4733 703 4817 quarti
725 4743 758 4798 et
780 4734 866 4796 sexti
889 4736 1111 4814 εταυρώειμοι,
1140 4734 1247 4818 quinti
1269 4736 1491 4814 ἀποετολικοὶ,
1515 4736 1648 4822 septimi
1670 4757 1793 4817 μαρτυ-

334 4834 416 4913 ρικοὶ
443 4833 723 4917 cognominantur.
767 4833 894 4898 Nomen
921 4833 998 4900 libri
1025 4835 1093 4900 Leo
1116 4833 1257 4900 Allatius
1281 4834 1322 4901 de
1343 4835 1418 4901 libr.
1442 4835 1521 4905 eool.
1544 4836 1664 4901 Graec.
1689 4859 1720 4925 p.
1746 4841 1793 4905 68
