3800 5474
345 421 433 477 LXVI
928 421 1210 478 Peonueottuut.

429 568 652 649 Καταβαεία
675 568 810 632 eandem
832 589 920 652 rem,
941 589 1038 654 quam
1060 568 1183 650 εἱρμόε,
1206 567 1384 651 significat,
1408 567 1495 631 unde
1516 567 1551 630 in
1573 566 1708 633 Triodio
1731 573 1803 654 p.8

343 667 533 734 adnotatum
562 677 628 732 est:
666 671 857 751 καταβαιίιιν
884 672 921 734 δὲ
948 670 1085 750 λέγομεν
1111 671 1189 735 τοὺς
1218 670 1345 749 εἱρμοὺι
1372 674 1439 735 τῶν
1467 671 1627 735 κανόνων.
1672 669 1803 733 Nomen

342 779 451 836 autem
475 779 581 836 ortum
604 792 675 835 esse
699 771 914 857 videturque
937 780 1083 857 tempore
1105 771 1251 858 troparia
1273 771 1407 836 canonis
1431 769 1557 855 legere,
1579 793 1644 836 uon
1666 779 1803 835 eantare

343 881 537 958 coeperunt,
559 870 647 958 quod
669 873 938 959 quotiescumque
961 873 1101 955 faciunt,
1125 863 1200 959 post
1221 873 1364 960 troparia
1386 872 1543 957 cuiusque
1559 871 1642 937 odae
1656 894 1800 958 pronun-

342 974 424 1038 tiata
451 982 599 1038 veterem
627 973 768 1038 hirmum
794 971 961 1037 modulata
988 996 1069 1038 voce
1096 983 1228 1040 canunt.
1273 975 1384 1060 Atque
1407 995 1481 1042 euru
1502 972 1634 1060 quidem
1657 975 1803 1039 hirmum

342 1076 411 1139 fere
438 1083 576 1154 canunt,
609 1075 702 1139 cuius
730 1075 873 1139 numeris
901 1075 1045 1160 troparia
1072 1097 1220 1163 quaeque
1247 1084 1398 1156 utuntur,
1431 1083 1539 1139 tamen
1569 1074 1623 1140 hic
1650 1074 1737 1157 illic,
1767 1087 1805 1140 ut

341 1176 430 1262 apud
452 1175 578 1240 Pitram
593 1171 776 1262 Hymnogr.
793 1175 971 1256 LXXXV,
994 1176 1180 1241 institutum
1204 1197 1275 1241 esse
1296 1176 1500 1262 accepimus,
1523 1186 1559 1241 ut
1581 1176 1680 1241 alieni
1703 1175 1802 1242 hirmi

342 1282 541 1358 καταβαειῶν
564 1275 670 1340 locum
694 1284 908 1364 occuparent.
944 1276 1014 1342 Hos
1044 1288 1154 1343 autem
1183 1277 1304 1342 hirmos
1333 1279 1520 1359 καταβοεὶαι
1542 1277 1671 1358 dicunt,
1701 1279 1802 1364 quod,

344 1379 422 1442 dum
445 1382 590 1466 troparia
612 1378 775 1463 leguntur,
798 1379 922 1462 sedere,
945 1378 1002 1444 ubi
1024 1380 1121 1444 hirmi
1144 1380 1270 1445 cantari
1292 1379 1504 1466 incipiuntur,
1527 1381 1568 1444 de
1589 1377 1666 1445 altis
1689 1379 1801 1444 sedili-

343 1481 406 1546 bus
429 1479 630 1546 descendere
652 1481 769 1545 solent.
820 1513 839 1546 f

430 1583 643 1660 Κοντάκιο,
673 1581 743 1646 sive
770 1582 923 1648 κονδάκια
950 1583 1094 1669 troparia
1121 1582 1290 1663 dicuntur,
1319 1603 1403 1668 quae
1430 1583 1466 1645 in
1487 1582 1605 1646 officiis
1628 1584 1803 1648 matutinis

342 1692 420 1770 post
441 1692 570 1748 sextam
592 1685 727 1750 canonis
750 1681 847 1748 odam
870 1693 1054 1749 cantantur.
1091 1681 1251 1771 Pleraque
1265 1683 1405 1749 Romani
1425 1683 1546 1748 melodi
1562 1705 1634 1748 esse
1649 1683 1805 1748 feruntur

343 1794 377 1850 et
403 1787 544 1871 primum
572 1785 660 1850 facta
687 1794 794 1864 erant,
830 1805 913 1870 quae
941 1785 1138 1870 proodorum
1165 1785 1268 1849 instar
1296 1787 1392 1869 longo
1421 1786 1573 1869 carmini,
1607 1808 1650 1850 ex
1679 1786 1804 1870 viginti

344 1896 484 1972 quatuor
511 1885 704 1972 pluribusve
736 1886 880 1972 strophis
908 1885 1021 1968 (οἶκοι)
1054 1888 1233 1968 constanti,
1266 1889 1567 1973 praemitterentur,
1601 1909 1667 1974 qua
1695 1888 1737 1953 de
1767 1910 1804 1952 re

344 1988 507 2076 copiosius
530 2011 645 2075 supra,
668 2011 741 2055 cum
764 1988 804 2053 de
827 1988 974 2052 Romano
996 1985 1125 2052 melodo
1141 1980 1327 2072 ageremus,
1351 1989 1602 2076 disputavimus.
1640 1987 1706 2054 Sed
1722 1988 1804 2053 alic-

343 2112 415 2154 rum
438 2111 568 2176 quoque
590 2100 758 2174 poetarum
787 2089 944 2156 contahia
972 2088 1195 2177 perhibentur,
1224 2100 1261 2155 ut
1283 2089 1391 2174 Sergii
1413 2089 1527 2176 hymni
1549 2089 1703 2155 acathisti
1726 2113 1803 2176 pro·
1881 2175 1882 2180 ἵ

343 2191 426 2256 edus
449 2193 495 2275 Τῇ
518 2192 692 2276 ὑπερμάχῳ
715 2199 877 2276 ετραιηγῷ
899 2194 939 2256 τὰ
961 2193 1122 2271 νικητήρια
1143 2192 1190 2276 (v.
1205 2216 1238 2278 p.
1258 2192 1332 2276 140)
1355 2191 1502 2257 contakii
1524 2192 1598 2255 vice
1621 2192 1676 2257 die
1698 2191 1805 2256 XXV
1881 2181 1882 2184 '

344 2294 465 2356 mensis
488 2291 601 2356 Martii
623 2292 783 2377 fungitur.
820 2291 970 2358 Nominis
994 2293 1086 2377 origo
1109 2293 1225 2378 spissis
1246 2293 1390 2357 tenebris
1414 2291 1563 2358 involuta
1585 2303 1645 2358 est.
1689 2295 1805 2380 Atque

345 2391 543 2460 vocabulum
565 2395 695 2477 κόνταξ,
719 2416 739 2456 a
760 2415 824 2480 quo
847 2393 1078 2458 diminutivum
1100 2395 1271 2461 κοντάκιον
1294 2394 1478 2458 derivatum
1501 2415 1574 2459 esse
1595 2404 1702 2482 patet,
1727 2418 1803 2459 cum

344 2493 445 2580 vulgo
468 2495 610 2561 iaculum
633 2495 814 2580 significet,
843 2493 940 2559 facile
968 2493 1086 2582 aliquis
1115 2495 1226 2560 induci
1253 2496 1374 2581 possit,
1403 2506 1439 2560 ut
1461 2497 1601 2582 proodos
1623 2495 1698 2560 illas
1721 2506 1804 2560 tam-

344 2619 442 2684 quam
465 2595 603 2662 missilia
625 2618 644 2660 e
665 2605 779 2684 poetae
801 2605 910 2660 mente
932 2599 1050 2662 emissa
1071 2589 1251 2682 significari
1274 2596 1378 2678 dicat,
1407 2599 1500 2662 cuius
1522 2599 1804 2684 interpretationis

344 2698 517 2764 audaciam
538 2719 580 2764 ne
602 2697 769 2764 insolitam
792 2718 864 2764 esse
885 2719 1015 2784 arguas,
1037 2697 1200 2766 Pindarus
1222 2721 1283 2763 sua
1303 2699 1448 2763 carmina
1469 2720 1543 2763 cum
1564 2700 1694 2784 sagittis
1718 2721 1805 2764 com-

344 2800 475 2886 paravit
497 2799 568 2866 loeo
589 2800 760 2865 notissimo
775 2799 828 2865 Ol.
845 2799 880 2864 ΙΙ
896 2799 954 2864 97:
978 2801 1075 2881 ἔπεχε
1097 2804 1156 2867 νῦν
1179 2808 1288 2885 εκοπῷ
1310 2802 1420 2868 τόξον·
1443 2801 1501 2877 ἄγε
1523 2804 1609 2880 θυμὲ,
1633 2801 1705 2866 τίνα
1727 2802 1804 2882 tidh-

345 2905 445 2983 λομεν
467 2903 502 2967 ἐκ
523 2904 684 2984 μολθακᾶε
707 2901 783 2968 αὖτε
805 2903 928 2984 φρενόι
950 2903 1083 2967 εὐκλέα(
1105 2902 1230 2968 οἰετοὺι
1252 2902 1367 2979 ἱέντεε;
1401 2901 1466 2967 Sed
1481 2899 1584 2967 multo
1599 2900 1805 2989 probabilior

344 3001 484 3068 Arcudii
506 3003 682 3091 explicatio
706 3013 772 3086 est,
796 3003 908 3090 quiin
931 3002 1015 3068 libro
1037 3002 1080 3066 de
1101 3002 1276 3068 concordia
1287 3004 1365 3068 eccl.
1376 3025 1444 3068 occ.
1458 3014 1491 3068 et
1501 3005 1617 3067 orient.
1631 3027 1663 3090 p.
1676 3003 1803 3088 433sq.

345 3105 515 3172 κοντάκιον
539 3114 670 3171 tenuem
692 3105 915 3171 membranam
937 3104 1076 3170 rotundo
1099 3103 1233 3189 bacillo,
1256 3106 1347 3191 quasi
1370 3103 1493 3186 ia'eu10,
1522 3099 1737 3169 circumvolvi
1758 3105 1804 3168 ab

343 3206 489 3292 antiquis
518 3204 647 3273 solitam
676 3209 909 3292 interpretatur
930 3215 964 3271 et
984 3204 1071 3270 hunc
1097 3206 1229 3270 dicendi
1257 3228 1351 3271 usum
1378 3205 1554 3271 multorum
1577 3204 1805 3292 exemplorum

266 3387 276 3402 .
345 3307 432 3373 nube
454 3305 591 3375 collecta
613 3318 646 3373 et
667 3297 880 3374 similitudine
902 3305 996 3373 latini
1017 3307 1168 3374 vocabuli
1192 3307 1315 3374 ‘breve’
1339 3308 1499 3373 advocata
1520 3307 1665 3372 illustrat
1680 3316 1713 3372 et
1728 3329 1804 3372 con·

345 3409 470 3494 firmat3
501 3408 586 3476 conf.
610 3411 666 3475 Du
689 3409 801 3496 Gange
823 3409 858 3474 in
879 3409 1039 3494 glossario
1062 3431 1181 3494 graeca
1201 3408 1274 3474 loca
1295 3409 1338 3474 ab
1360 3410 1507 3475 Arcadio
1530 3408 1687 3493 indagata
1708 3429 1805 3473 recu·

343 3497 486 3578 dentem.
532 3511 661 3592 Quodsi
683 3533 807 3578 canone
829 3511 932 3576 XVII
959 3511 1089 3576 concilii
1103 3511 1325 3577 Laodicensis
1350 3511 1441 3597 (vide
1463 3534 1495 3598 p.
1518 3509 1629 3594 LXV)
1651 3519 1806 3576 cantores

345 3625 382 3680 ut
403 3615 469 3681 ἀπὸ
492 3616 645 3696 διφθέραι
666 3623 837 3678 cantarent
863 3611 1047 3679 admonitos
1070 3635 1142 3678 esse
1171 3614 1392 3699 reputaveris,
1423 3614 1494 3678 veri
1523 3611 1629 3676 simile
1658 3611 1696 3677 fit
1726 3635 1803 3680 κον-

344 3717 455 3782 τάκιον
478 3718 617 3801 primum
641 3713 759 3779 librum
782 3713 871 3779 haud
891 3714 940 3778 ita
961 3735 1132 3799 magnum,
1161 3736 1225 3801 quo
1248 3719 1392 3780 carmina
1413 3715 1643 3800 antiquissima
1664 3713 1807 3778 collecta

345 3816 536 3897 exstabant,
560 3808 674 3902 postea
694 3825 804 3880 autem
826 3813 957 3900 singula
979 3838 1107 3903 quoque
1129 3817 1275 3880 earmina
1296 3814 1383 3882 illius
1405 3815 1480 3882 libri
1502 3814 1666 3903 appellata
1689 3837 1773 3881 esse.

432 3917 679 3998 Μακαριεμοὶ
712 3917 809 4005 primi
842 3939 957 3999 versus
992 3916 1155 4002 evangelii
1182 3916 1342 3982 Matthaei
1364 3917 1396 3981 V
1417 3919 1534 3982 3-12
1567 3919 1743 3998 ‘Mandalos
1772 3920 1807 3982 ol

345 4022 469 4101 πτωχοὶ
491 4027 537 4104 τῷ
558 4021 713 4100 πνεύματι
729 4042 756 4084 κ.
772 4041 798 4085 τ.
812 4022 852 4084 h'
874 4041 894 4082 a
916 4021 1021 4105 primo
1036 4018 1196 4085 vocabulo
1219 4021 1254 4083 in
1275 4020 1369 4084 initio
1391 4020 1549 4105 cuiusque
1571 4039 1687 4083 versus
1709 4041 1805 4106 repe

346 4123 408 4186 tito
423 4121 628 4187 dicebantur.
662 4121 879 4209 Posteaquam
902 4131 1010 4186 autem
1033 4123 1068 4185 in
1090 4119 1224 4206 liturgia
1246 4121 1373 4187 dierum
1396 4119 1631 4186 dominicarum
1655 4129 1689 4184 et
1710 4144 1806 4206 prae-

348 4224 517 4310 cipuarum
541 4222 782 4289 solemnitatum
806 4222 943 4308 singulis
967 4223 1119 4290 versibus
1143 4221 1305 4309 evangelii
1328 4221 1458 4306 singula
1480 4223 1623 4304 tropario
1644 4222 1806 4307 subiungi

294 4347 297 4354 ’
347 4335 463 4412 coepta
484 4335 576 4408 sunt,
601 4324 681 4389 haec
703 4347 833 4412 quoque
854 4326 998 4412 troparia
1021 4324 1107 4390 idem
1129 4346 1246 4390 nomen
1269 4325 1386 4389 sortita
1409 4334 1495 4389 sunt.

433 4429 718 4508 Μεγαλυνάρια
740 4428 887 4514 prccdici
909 4447 1025 4492 versus
1048 4427 1211 4512 dicuntur,
1234 4427 1290 4514 qui
1304 4426 1338 4490 in
1353 4425 1490 4491 summis
1506 4424 1663 4490 ecclesiae
1686 4426 1808 4492 solem·

345 4529 504 4595 nitatibus
532 4550 638 4595 nonae
666 4528 748 4594 odae
777 4529 911 4594 canorus
940 4528 1203 4614 praemittuntur.
1248 4525 1321 4593 Hoc
1347 4536 1458 4592 autem
1479 4548 1598 4593 nomen
1621 4549 1663 4592 ex
1685 4551 1724 4594 eo
1747 4531 1809 4595 ob-

346 4631 530 4713 tinuerunt,
555 4629 641 4716 quod
663 4651 750 4695 nona
771 4630 835 4695 oda
848 4651 870 4694 a
884 4630 995 4695 verbis
1012 4631 1194 4708 Μεγαλύνει
1216 4631 1236 4710 ἡ
1259 4631 1348 4711 ψυχή
1371 4649 1433 4712 μου
1455 4631 1513 4696 τὸν
1536 4630 1649 4709 κύριον
1672 4631 1809 4696 exordi-

346 4741 410 4798 tur.
455 4729 547 4796 Talia
568 4731 793 4817 megalynaria
820 4730 904 4814 duo,
935 4733 1122 4815 gratissima
1150 4754 1356 4797 numerorum
1381 4731 1590 4816 simplicitate
1613 4733 1810 4818 conspicua,

345 4833 379 4898 in
402 4834 485 4897 hanc
507 4831 729 4919 anthologiam
752 4835 944 4920 recepimus.
