3800 5474
297 396 363 452 LlB.
380 397 427 450 llI.
459 397 507 450 Du
525 395 751 452 RIlYTHllIClS
767 396 919 452 LEGIBUS
934 397 1132 452 stanuum
1147 396 1450 452 BYZANTlNORUM.
1541 397 1599 452 XCI

148 544 183 608 in
216 543 300 608 libro
334 542 398 608 Die
431 540 605 608 metrisehe
631 543 905 629 Uebcrlieferung
937 543 997 608 der
1030 543 1260 627 pindarisehen
1290 541 1385 608 Odon
1400 543 1446 618 ‚S.
1474 545 1603 610 51-54

67 685 71 690 -
147 653 384 711 commentatus
405 666 488 709 sum.
537 646 607 711 Iam
639 667 712 710 eum
741 666 780 710 ea
807 645 901 733 pedis
928 655 1044 712 natura
1071 646 1131 730 sit,
1159 654 1196 710 ut
1224 666 1266 710 ex
1288 644 1417 710 duabus
1440 644 1602 732 partibus,
1673 678 1677 683 ·

148 747 214 812 arsi
238 756 271 813 et
298 745 399 830 thesi,
427 755 569 824 constet,
598 745 668 811 cola
695 745 872 834 glyconea,
900 745 1131 834 ithyphalliea,
1160 747 1365 833 paroemiam
1371 796 1381 831 ,
1411 747 1602 834 prosodiaca

148 869 266 915 nomen
289 847 407 935 pedum
430 869 469 912 ea
489 869 525 912 re
546 850 703 920 meruisse
724 870 857 944 necesso
880 858 945 933 est,
967 849 1055 935 quod
1077 848 1205 934 singula
1227 849 1365 934 singulis
1386 849 1507 916 ictibus
1529 871 1601 936 per·

149 949 367 1017 cutiebantur.
412 948 485 1018 Hoc
506 959 616 1016 autem
637 948 735 1016 aliter
756 951 827 1016 fieri
849 973 913 1016 non
935 951 1057 1037 potuit,
1079 971 1176 1037 quarn
1199 959 1235 1015 ut
1257 960 1425 1016 suturam
1441 949 1602 1038 syllabam

149 1052 282 1137 longam
310 1051 467 1138 cuiusque
495 1049 558 1117 coli
585 1050 687 1118 solam
715 1053 783 1118 ictu
804 1057 1000 1138 {percussam
1028 1075 1100 1118 esse
1126 1060 1185 1117 aut
1206 1052 1304 1116 unius
1327 1051 1420 1138 pedis
1443 1051 1602 1139 simplicis

149 1155 250 1220 ictum
273 1152 472 1240 reliquorum
494 1153 615 1239 pedum
638 1153 836 1241 simplicium
858 1155 943 1220 ictus
966 1153 1168 1238 depressisse
1183 1153 1340 1219 dicamus.
1377 1151 1450 1220 Hoc
1464 1152 1602 1219 alterum

149 1278 223 1321 eum
245 1263 279 1320 et
299 1255 405 1343 ipsum
421 1255 493 1318 veri
514 1254 654 1321 similius
675 1257 737 1341 sit,
759 1265 826 1322 tum
849 1278 891 1321 ex
913 1255 1129 1322 similitudine
1150 1255 1320 1322 modorum
1341 1257 1521 1321 carminum
1543 1255 1601 1340 by·

149 1359 353 1424 sentinarum
382 1355 552 1442 probabile
578 1357 631 1443 lit,
660 1357 748 1444 quod
769 1365 807 1423 ut
828 1356 959 1424 facilius
984 1358 1210 1446 perspiciatur,
1233 1355 1415 1443 compluria
1436 1358 1603 1444 schemata

150 1459 403 1546 byzantinorum
426 1467 459 1524 et
479 1470 628 1525 veterum
650 1459 794 1526 colorum
817 1458 921 1527 oculis
944 1460 1102 1526 lectorum
1125 1458 1355 1526 subiiciamus:
1565 1445 1568 1452 ¹

285 1613 441 1692 Ἄχραντε
462 1613 602 1691 παρθένε

287 1715 352 1794 Τὴν
379 1714 559 1794 ὡραιότητα

286 1816 388 1894 Ὅλην
414 1816 610 1896 ἀποθέμεναι

287 1915 354 1983 Οὐκ
376 1917 439 1982 ἀπ’
460 1917 644 1998 ἀνθρώπων

289 2020 345 2084 Καὶ
365 2026 412 2104 τῷ
433 2019 526 2104 πόθῳ
549 2020 698 2098 ἠπείγετο
802 2027 862 2082 :·²
935 2004 977 2063 ²⁴

557 2273 620 2338 DE
643 2273 866 2342 VERSIBUS
889 2275 948 2340 ET
971 2275 1196 2342 PERIODIS.

238 2392 485 2491 Versiculi,⁰de
507 2409 626 2495 quibus
649 2409 817 2497 hucusque
839 2412 1081 2499 disputavimus
1089 2460 1098 2493 ,
1121 2412 1190 2476 fere
1210 2410 1356 2475 membra
1378 2412 1508 2475 maioris
1531 2433 1601 2475 ver-

150 2537 206 2578 sus
224 2511 276 2578 vel
291 2511 417 2598 periodi
433 2521 519 2575 sunt.
548 2509 622 2591 Quo
638 2513 734 2578 modo
750 2512 835 2578 enim
853 2513 1054 2599 psalmorum·
1073 2535 1189 2578 versus
1212 2536 1255 2577 ex
1276 2511 1425 2598 pluribus
1449 2513 1602 2578 membris

148 2623 316 2695 constant,
338 2611 453 2678 eodem
472 2613 568 2678 modo
589 2612 840 2679 christianorum
862 2638 989 2702 quoque
1011 2617 1226 2702 tropariorum
1248 2636 1380 2697 versus,
1405 2612 1602 2700 psalmorum

149 2717 416 2801 canticorumque
439 2736 605 2779 sacrorum
627 2715 776 2781 versibus
792 2716 839 2780 illi
855 2718 985 2803 quidem
1006 2717 1198 2797 intermixti,
1213 2716 1378 2780 rarissime
1394 2738 1436 2779 ex
1451 2713 1602 2799 singulis,

153 2819 344 2906 plerumque
366 2839 409 2880 ex
430 2816 518 2882 binis
542 2816 677 2881 trinisve
700 2816 780 2882 colis
803 2818 874 2884 sive
902 2819 1056 2883 membris
1085 2818 1256 2905 compositi
1284 2827 1369 2883 sunt.
1414 2816 1469 2882 Sic
1496 2819 1604 2904 quarti

150 2919 355 2985 cathismatis
379 2916 443 2982 duo
465 2919 563 3004 primi
585 2919 738 2984 versiculi
759 2928 795 2999 et
816 2929 882 2985 tres
906 2923 1114 3007 insequentes

354 3021 442 3100 Ταχὺ
465 3021 689 3102 προκατὰλαβε
712 3020 716 3105 l
739 3023 813 3100 πρὶν
837 3025 1040 3101 δουλωθῆναι
1061 3023 1141 3103 ἡμᾶς

354 3123 481 3201 ἐχθροῖς
504 3125 722 3204 βλατφημοῦτι
745 3145 777 3189 τε
802 3123 805 3206 l
830 3126 881 3188 καὶ
903 3124 1088 3191 entitatem
1110 3124 1205 3208 ἡμῖν)
1231 3126 1340 3203 Χριετὲ
1356 3125 1374 3189 ὁ
1390 3124 1464 3189 θεὸς
1479 3124 1581 3203 ἡμῶν.

152 3221 296 3308 singulas
327 3223 477 3310 periodos
507 3223 663 3288 efficiunt.
708 3224 820 3311 Neque
849 3224 953 3288 solum
980 3225 1205 3290 hebraicorum
1228 3223 1444 3312 psalmorum,
1467 3224 1525 3289 sed
1549 3246 1602 3289 ve·

152 3337 255 3390 terum
289 3347 416 3411 quoque
445 3323 646 3391 Graecorum
666 3326 855 3390 ,carminum
887 3326 1100 3392 similitudine
1134 3327 1229 3413 plura
1262 3329 1408 3392 membra
1441 3327 1472 3389 in
1508 3327 1604 3389 unius

151 3449 269 3492 versus
292 3426 345 3490 vel
368 3425 495 3512 periodi
517 3448 635 3513 eorpus
658 3430 831 3493 coniuncta
853 3429 1032 3493 firmantur.
1078 3427 1163 3491 Nam
1185 3427 1356 3514 plerosque
1380 3449 1493 3492 versus
1516 3435 1603 3490 vete·

151 3551 203 3593 res
210 3577 219 3608 ,
242 3537 279 3593 ut
300 3527 500 3614 dactylicum
528 3527 770 3612 hexametrum,
799 3530 976 3595 iambicum
1004 3531 1204 3608 trimetrum,
1232 3529 1477 3616 anapaestieurn
1504 3534 1603 3590 tetra·

150 3639 307 3710 metrum,
331 3628 573 3714 galliambieum
595 3639 629 3694 et
651 3631 833 3718 priapeium
855 3653 896 3695 ex
920 3633 1006 3697 binis
1030 3630 1184 3695 membris
1206 3638 1356 3695 constare
1371 3639 1404 3695 et
1424 3629 1481 3715 qui
1498 3628 1603 3698 ,maio-

151 3752 221 3796 rem
251 3732 285 3794 in
319 3729 556 3816 longitudinem
589 3733 795 3796 excreverint
828 3743 860 3798 et
892 3732 996 3798 tribus
1030 3731 1221 3821 pluribusve
1254 3731 1409 3796 membris
1442 3739 1603 3808 constent,

151 3833 302 3919 periodos
331 3833 402 3898 sive
429 3835 585 3898 circuitus
614 3832 771 3919 appellari
794 3835 954 3899 novimus.
998 3836 1135 3922 Lyricos
1159 3856 1238 3899 vero
1260 3845 1372 3920 poetas
1396 3832 1547 3898 versibus
1571 3833 1604 3895 in

150 3957 211 3998 sua
236 3935 309 3999 cola
336 3934 528 3999 dirimendis
556 3936 661 4019 magis
690 3957 786 4020 quam
816 3935 954 4022 pedibus
987 3959 1193 4001 numerorum
1224 3935 1432 4004 dimetiendis
1459 3937 1603 3998 animum

149 4035 333 4101 advertisse
355 4058 428 4101 cum
452 4057 494 4099 ex
515 4034 586 4118 aliis
609 4036 723 4118 rebus,
753 4047 884 4112 tum0ex
907 4061 1043 4102 caesura
1070 4038 1252 4103 hexametri
1281 4047 1405 4102 tantum
1433 4059 1498 4100 non
1521 4057 1602 4100 sern-

148 4160 210 4226 per
231 4136 405 4201 observata
427 4147 572 4224 apparet.
617 4137 765 4223 Namque
787 4141 815 4202 si
836 4141 1054 4204 Aristoxenus
1069 4129 1182 4204 'Mario
1205 4141 1373 4204 Victorino
1397 4137 1449 4218 Il,
1473 4139 1493 4199 2
1522 4145 1604 4199 teste

148 4239 373 4304 hexametrum
408 4251 465 4304 aut
498 4239 531 4302 in
562 4259 620 4303 sex
648 4239 747 4325 pedes
776 4261 834 4326 per
861 4241 1089 4328 monopodiam
1118 4249 1175 4304 aut
1202 4242 1236 4304 in
1264 4249 1329 4304 tres
1357 4261 1416 4326 per
1437 4237 1603 4324 dipodiam

146 4341 257 4406 dividi
280 4350 336 4404 aut
364 4341 397 4403 in
426 4339 506 4405 duas
538 4350 646 4426 partes
676 4363 733 4426 per
760 4341 832 4406 cola
862 4341 927 4404 duo
956 4341 1066 4404 dirimi
1102 4342 1233 4422 statuit,
1267 4340 1382 4404 ultima
1415 4337 1534 4403 divisio
1562 4339 1603 4402 ad

148 4453 253 4508 artem
282 4441 458 4527 lyricorum
485 4451 672 4528 poetarum,
707 4443 800 4508 cuius
827 4442 971 4507 colorum
1002 4441 1121 4506 divisio
1151 4445 1283 4530 propria
1315 4439 1604 4523 annumeranda

149 4581 378 4590 ...-----.-..-.

219 4661 246 4731 *J
264 4663 403 4726 Alterum,
427 4681 481 4715 non
504 4667 615 4716 tertium
639 4665 735 4732 pedem
761 4666 840 4717 huius
863 4666 996 4716 versiculi
1020 4681 1067 4716 eur
1084 4666 1215 4731 primario
1237 4665 1295 4714 ictu
1319 4665 1394 4716 feriri
1412 4663 1604 4728 monuerimus,

151 4765 209 4800 non
228 4755 283 4799 tam
303 4764 337 4798 ex
356 4750 527 4812 accentibus,
546 4765 628 4815 quam
647 4765 681 4800 ex
699 4749 787 4800 modis
806 4765 890 4815 supra
908 4749 1004 4802 allatis
1023 4755 1151 4816 apparea
1170 4765 1231 4800 nam
1251 4765 1311 4800 curn
1330 4755 1359 4800 st
1376 4751 1459 4802 tertis
1478 4754 1506 4804 ot
1524 4752 1604 4802 sesto

146 4833 259 4897 syllaba
277 4832 358 4883 huius
377 4832 508 4883 versiculi
526 4839 609 4886 scuto
627 4835 676 4899 sit,
696 4835 796 4888 tertias
813 4834 856 4884 ris
874 4834 958 4904 dupla
976 4836 1106 4906 temporis
1125 4849 1199 4890 mors
1219 4841 1345 4903 augetur.
