3886 5480
308 379 355 432 Cll
889 377 1168 431 PROLEGOMENA.

308 525 417 589 Huius
440 527 524 587 enim
547 523 700 587 carminis
723 523 864 608 strophis
881 545 922 586 ex
937 533 1076 609 quatuor
1091 522 1263 587 trochaicis
1286 525 1434 587 dimetria
1458 523 1655 586 catalecticis
1677 545 1784 610 com-y

308 627 425 710 positis
447 647 522 690 cum
545 623 675 710 hymnis
699 623 809 688 latinis
833 647 959 688 summa
981 623 1158 689 similitudo
1182 634 1247 706 est,
1276 623 1365 688 nulla
1387 647 1460 688 eum
1484 625 1669 708 byzantinis
1693 647 1762 688 car-

307 727 466 806 minibus,
496 747 559 811 quo
588 727 719 810 aegrius
751 726 883 790 serimus
912 748 1016 812 ncque
1037 738 1201 791 auctorem
1225 727 1379 790 carminis
1402 727 1575 789 memoriae
1599 726 1762 812 proditum

310 851 397 909 csse,
422 850 526 912 noque
549 849 611 912 quo
634 837 779 913 tempore
802 829 959 914 scriptum
983 828 1026 891 sit
1048 829 1181 914 liquere.
1227 827 1394 892 Oanonum
1418 835 1526 891 autem
1550 817 1763 892 iambicorum

312 931 445 996 Ioannis
470 929 667 992 Damasceui
689 929 841 1014 strophae
864 940 896 994 et
919 931 1010 1014 ipsae
1033 951 1074 992 cx
1098 929 1231 1015 paribus
1247 929 1398 993 versibus
1421 937 1569 992 constare
1592 927 1763 1010 videntur;

308 1055 382 1096 nam
417 1031 566 1114 singulae
599 1029 770 1116 strophae,
804 1033 832 1094 si
856 1029 1058 1117 syllabarum
1081 1032 1295 1116 quantitatem
1319 1039 1521 1115 spectamus,
1550 1051 1592 1092 cx
1620 1031 1764 1115 quinque

308 1132 467 1198 trimetris
497 1132 645 1196 iambicis
674 1141 840 1214 constant,
869 1135 1005 1216 quorum
1028 1133 1160 1217 quintus
1182 1132 1276 1216 quasi
1298 1131 1394 1217 epodi
1418 1133 1491 1195 viee
1513 1131 1661 1214 fungitur
1682 1141 1763 1194 stro-

313 1237 396 1321 phae
419 1245 450 1298 ct
472 1233 712 1318 antistrophae,
747 1255 788 1295 ex
817 1233 902 1296 binis
933 1233 1082 1297 versibus
1105 1231 1170 1296 illis
1193 1233 1326 1318 quidem
1353 1232 1555 1318 compositis,
1580 1233 1763 1313 subiuncti;

311 1336 369 1400 sed
393 1357 433 1398 ne
457 1336 582 1420 specics
606 1334 803 1400 artificiosae
825 1335 1069 1418 compositionis
1093 1337 1247 1400 metricae
1270 1345 1301 1398 te
1324 1332 1431 1417 fallat,
1454 1355 1612 1398 canonum
1635 1331 1764 1397 illorum

207 1507 209 1512 ,
309 1447 429 1502 cantus
446 1435 634 1502 accentibus
657 1437 831 1502 verborum
854 1439 900 1500 ita
922 1445 1054 1522 aptatus
1077 1447 1142 1518 est,
1166 1435 1203 1502 u't
1218 1459 1261 1500 ex
1275 1435 1500 1500 dissimillimis
1525 1435 1675 1500 versibus
1698 1434 1761 1497 sin·

309 1540 407 1624 gulae
434 1538 587 1624 strophae
614 1547 780 1620 constent,
814 1538 902 1624 quod
937 1561 999 1624 quo
1033 1536 1227 1602 luculentius
1259 1547 1432 1624 appareat,
1465 1535 1601 1601 secundi
1632 1537 1765 1600 canonis

309 1641 442 1706 iambici
471 1642 597 1727 primae
625 1640 777 1726 strophae
806 1640 1027 1726 rhythmicum
1056 1640 1186 1703 schema
1214 1642 1356 1704 metricis
1385 1640 1470 1704 notis
1496 1660 1689 1724 expressum
1712 1637 1765 1701 bie

310 1739 489 1830 apponam:

667 2339 784 2419 (τείβει
805 2339 962 2418 aurocen<
985 2339 990 2420 l
1015 2340 1256 2419 κυματούμενον
1279 2339 1387 2414 (dher,

664 2441 799 2519 ἤπειρον
822 2441 911 2504 αὖθι(
935 2443 1083 2524 ρἸεραὴλ
1107 2441 1326 2519 δεδειγμένων·

667 2543 765 2620 με’λαε
787 2543 822 2606 δὲ
845 2542 965 2608 πόντοε
991 2544 994 2626 t
1017 2542 1181 2621 τριετάταε
1203 2542 1384 2618 Αἰγυπτίων

667 2642 808 2722 ἔκρυψεν
830 2643 930 2723 ἄρδην
955 2644 959 2726 Ι
983 2644 1226 2723 ὑδατόετρωτοε
1248 2643 1352 2724 τάφοε

671 2744 761 2828 ῥώμῃ
784 2750 915 2828 κραταιᾷ
938 2745 942 2829 Ι
966 2750 1069 2814 δεξιᾶ(
1092 2750 1150 2811 τοῦ
1173 2746 1341 2811 δεεπότου.

316 2863 431 2943 Quid?
468 2863 552 2948 quod
576 2862 637 2927 boe
660 2883 788 2947 quoque
810 2884 913 2949 paene
935 2863 1102 2949 singulare
1124 2872 1157 2928 et
1178 2861 1345 2948 proprium
1368 2861 1482 2926 horum
1504 2883 1665 2926 canonum
1689 2861 1768 2924 iam-

313 2965 459 3028 hicorum
483 2975 546 3043 est,
576 2963 663 3049 quod
686 2964 808 3047 singuli
830 2985 945 3028 versus
969 2986 1011 3028 ex
1033 2966 1104 3052 pari
1128 2986 1261 3029 numero
1284 2962 1484 3050 syllabarum
1507 2972 1672 3046 coustant3
1701 2961 1766 3048 ple-

313 3087 487 3151 rorumque
510 3065 596 3128 enim
620 3066 835 3152 tropariorum
858 3087 971 3130 versus
994 3089 1058 3130 non
1080 3066 1177 3132 modo
1200 3066 1344 3130 numeris
1372 3064 1557 3150 modisque,
1586 3063 1644 3128 sed
1668 3064 1767 3127 etiam

312 3167 538 3252 magnitudine
565 3167 711 3252 dispares
740 3177 831 3248 sunt,
859 3189 964 3253 neque
997 3167 1091 3254 plura
1123 3191 1220 3255 quarn
1248 3168 1312 3232 duo
1341 3167 1485 3230 earmina
1518 3187 1560 3230 ex
1586 3164 1648 3230 hae
1675 3175 1768 3251 parte

311 3269 463 3346 iambicis
497 3259 568 3332 illis
591 3267 769 3331 canonibus
803 3268 1021 3354 comparanda
1047 3271 1142 3351 novi,
1178 3270 1283 3354 Sergii
1312 3269 1490 3354 troparium
1519 3268 1563 3350 Τῇ
1592 3268 1768 3350 ὑπερμὰχῳ

313 3378 478 3455 ετρατηγῷ
502 3369 595 3455 (vide
616 3393 647 3455 p.
673 3369 747 3454 140)
771 3389 812 3433 ex
835 3389 894 3434 sex
917 3371 1067 3436 versibus
1090 3372 1319 3456 compositum,
1347 3370 1498 3455 quicum
1522 3389 1637 3432 versus
1660 3377 1767 3453 septe-

311 3471 395 3536 narii
417 3472 552 3536 iambici
575 3473 715 3556 speeiem
739 3472 918 3554 imitentur,
941 3471 1037 3537 modo
1059 3471 1229 3553 tredecim,
1245 3472 1340 3536 modo
1362 3469 1607 3558 quatuordecim
1629 3469 1768 3557 syllabis

311 3583 478 3655 constant,
502 3584 534 3637 ct
556 3573 765 3638 Constantini
788 3573 1121 3660 Porphyrogsnnetae
1143 3574 1417 3652 Ἐξαποετειλάρια
1438 3595 1471 3658 p.
1497 3571 1558 3636 110
1579 3594 1662 3657 sqq,
1686 3593 1765 3657 quo-

311 3697 384 3738 rum
407 3697 449 3737 ex
471 3676 615 3760 septenis
645 3674 796 3739 versibus
820 3676 911 3761 quini
934 3676 1030 3760 (1.2.
1052 3675 1178 3760 aar)
1202 3675 1357 3740 trochaici
1380 3673 1563 3739 tetrametri
1585 3673 1770 3738 catalectici

312 3777 384 3839 sive
407 3775 593 3860 quindecim
614 3774 814 3862 syllabarum
837 3775 1093 3860 magnitudinem
1113 3776 1252 3859 habent,
1274 3776 1341 3840 bini
1358 3775 1474 3862 reliqui
1490 3777 1535 3860 (5.
1552 3775 1587 3860 6)
1602 3775 1769 3840 coniuncti

312 3875 450 3940 totidem
473 3874 674 3961 syllabarum
696 3887 782 3940 sunt.

398 3977 548 4064 Denique
570 3999 611 4041 ne
632 3977 777 4065 rhythmi
806 3979 937 4064 quidem
966 4002 1085 4064 genere
1113 3979 1185 4045 cola
1212 3992 1309 4067 atque
1338 4001 1452 4044 versus
1475 3979 1679 4063 singulorum
1703 3993 1769 4047 tro·

313 4079 478 4163 pariorum
499 4080 546 4144 ita
568 4080 653 4145 inter
666 4101 710 4143 so
732 4081 920 4161 concinunt,
943 4091 981 4146 ut
1002 4081 1120 4145 iisdem
1142 4084 1283 4146 numeris
1306 4081 1376 4146 sive
1398 4079 1571 4164 dactylicis
1593 4083 1666 4147 sive
1687 4087 1769 4148 iarn-

314 4181 395 4246 bieis
418 4181 489 4246 sive
512 4180 711 4265 logaoedicis
727 4203 794 4248 vox
810 4183 952 4247 cantoris
975 4183 1017 4246 ab
1041 4184 1134 4248 initio
1156 4205 1259 4269 usque
1282 4182 1442 4247 adfinem
1471 4179 1632 4247 decurrat.
1670 4184 1772 4251 Nulla

313 4285 414 4368 igitur
442 4283 586 4348 carmina
613 4283 796 4369 byzantina
824 4295 973 4366 exstant,
1002 4306 1085 4371 quae
1113 4295 1260 4350 veterum
1283 4284 1485 4350 Graecorum
1508 4287 1713 4366 ευετημάτων
1736 4291 1772 4354 ἐξ

213 4469 218 4474 ,
314 4385 437 4465 ὁμοίων
459 4383 579 4449 similia
600 4386 683 4468 sint3
707 4407 902 4472 quamquam
924 4386 986 4451 hoe
1008 4409 1251 4474 nonnumquam
1273 4387 1396 4452 factum
1418 4385 1586 4467 videmus,
1609 4397 1645 4450 ut
1667 4410 1771 4453 umuu

314 4485 477 4572 quoddam
500 4486 643 4572 rhythmi
665 4509 767 4571 genus
783 4487 972 4573 praevaleat
987 4500 1020 4552 et
1033 4488 1185 4574 strophae
1200 4500 1320 4554 certam
1336 4487 1498 4574 quandam
1520 4494 1629 4550 notam
1652 4488 1771 4575 rhyth-

313 4590 431 4652 micam
459 4589 636 4674 imprimat.
681 4587 736 4652 Sic
764 4590 798 4652 in
825 4589 996 4654 Anastasii
1024 4591 1168 4655 carmine
1189 4613 1209 4654 a
1231 4590 1323 4656 Pitra
1350 4591 1416 4654 Iur.
1446 4585 1523 4651 eccl.
1551 4590 1661 4670 graeci
1692 4591 1773 4658 bist.

315 4688 361 4772 11,
385 4687 449 4752 286
472 4688 560 4752 edito
583 4697 722 4773 quatuor
743 4691 840 4775 primi
857 4701 888 4756 ct
904 4691 968 4756 duo
985 4693 1125 4755 extremi
1140 4714 1255 4757 versus
1277 4689 1500 4777 anapaesticus
1519 4709 1672 4756 numeros
1688 4715 1771 4780 prae

314 4813 348 4854 se
370 4789 497 4853 serunt:
