3886 5480
592 393 658 449 LIB.
687 393 734 450 IV.
763 394 812 449 DE
827 391 923 449 ARTE
938 390 1072 449 MUSICA
1087 391 1308 448 BYZAN'I'INA.
1590 393 1662 451 CXV

213 565 286 608 rum
307 543 404 607 hirmi
427 550 495 606 tam
517 527 655 607 modicis
678 539 818 606 flexibus
841 540 932 607 vocis
948 549 1121 606 cantantur
1142 537 1186 606 et‘
1196 539 1387 606 accentibus
1404 542 1562 606 sermonis
1579 540 1661 607 adeo

215 642 454 710 accommodati
469 632 561 725 sunt,
583 653 620 707 nt
635 641 704 707 lere
719 642 754 707 in
770 640 924 707 clausulis
939 640 1016 707 solis
1038 641 1208 707 liberiores
1231 650 1339 708 motus
1363 639 1582 707 mclismatum
1605 643 1662 708 ad-

214 748 358 812 mittant.
402 743 468 810 Sed
490 743 584 810 brevi
606 753 682 831 post
702 743 759 830 qni
781 742 1041 810 modulationum
1068 743 1230 810 varietate
1258 754 1291 811 et
1317 741 1500 830 petulantia
1522 745 1662 810 delecta-

217 845 352 931 bantur,
376 847 458 912 adeo
480 848 675 912 auctoritate
696 843 889 932 praevalere
910 854 1103 932 coeperunt,
1126 855 1164 910 ut
1185 844 1287 910 verba
1301 845 1482 910 carminum
1496 847 1569 932 ipsa
1583 868 1663 932 prae

214 950 353 1036 strepitu
373 946 543 1014 modorum
565 949 623 1013 vix
645 946 796 1012 exaudiri
824 947 1013 1033 intellegive
1028 955 1172 1034 possent.
1216 947 1288 1012 Hoc
1312 947 1472 1027 Zonaras,
1501 968 1662 1033 gramma-

214 1051 298 1115 ticus
321 1060 354 1114 et
377 1050 552 1115 historicus
576 1048 761 1116 duodecimi
783 1049 920 1131 saeculi,
949 1051 984 1114 in
1006 1049 1273 1136 interpretatione
1301 1049 1434 1113 canonis
1464 1047 1590 1114 laudati
1613 1050 1663 1114 his

215 1150 326 1216 verbis
350 1159 507 1217 testatur:
530 1152 724 1232 κεκλαιμένα
746 1154 824 1232 μέλη
847 1153 898 1217 καὶ
920 1151 1125 1232 μινυμίεματα
1146 1153 1197 1216 καὶ
1217 1151 1237 1229 ἡ
1260 1153 1389 1230 περιττὴ
1405 1156 1472 1216 τῶν
1495 1145 1663 1236 μελῳδιῶν

214 1254 354 1319 ποικιλία
376 1254 421 1319 εἰ(
443 1254 529 1338 ᾠδὰς
551 1253 785 1334 έπιτρεπομένη
818 1255 985 1334 θυμελικὰ(
1014 1253 1063 1318 καλ
1090 1253 1134 1318 sic
1161 1253 1282 1336 ᾅεματα
1308 1253 1446 1331 πομνικὰ
1473 1253 1514 1317 τὰ
1542 1257 1601 1320 νῦν
1624 1253 1661 1319 ἐν

214 1355 415 1441 ψαλμῳλίαιε
443 1355 693 1436 ἐπιτηδευόμενα
722 1355 859 1436 μάλιετα.
907 1352 999 1418 Idem
1034 1375 1112 1418 vero
1139 1352 1308 1419 codicibus
1342 1353 1452 1438 quarti
1483 1353 1602 1418 decimi
1631 1364 1664 1420 et

213 1456 321 1542 quinti
343 1456 462 1520 decimi
485 1455 607 1521 sacculi
629 1455 853 1536 confirmatur,
883 1454 938 1542 qui
966 1456 1141 1542 protractis
1164 1452 1442 1520 modulationibus
1471 1463 1503 1519 et
1525 1454 1663 1521 inficetis

213 1556 361 1623 artificiis
384 1559 622 1623 teretismatum
646 1557 795 1643 (Triller)
819 1566 956 1622 scatent.

299 1658 382 1724 Inde
404 1659 528 1724 lactum
550 1669 616 1741 est,
639 1667 676 1723 ut
698 1659 764 1723 duo
785 1658 955 1724 modorum
976 1679 1098 1743 genera
1120 1657 1365 1744 distinguantur
1372 1707 1380 1740 ,
1403 1657 1541 1724 alterum
1564 1668 1663 1725 tenne

215 1771 247 1826 et
269 1761 385 1843 breve,
409 1762 493 1842 χύμα
515 1760 586 1824 sive
608 1760 768 1839 εύντομον
789 1761 887 1840 μέλα(
914 1771 1085 1841 vocatum,
1113 1759 1250 1824 alterum
1273 1759 1453 1824 flexuosum
1482 1771 1514 1826 ct
1537 1772 1663 1846 protra-

215 1871 320 1943 ctum,
343 1863 429 1948 quod
452 1864 494 1926 ab
517 1860 672 1927 tarditate
700 1872 807 1928 motus
834 1863 937 1942 ἀργὸν
965 1863 1062 1942 μέλοε
1090 1859 1253 1926 dicebant.
1299 1861 1413 1948 Neque
1441 1861 1546 1926 solum
1575 1862 1660 1928 aliae

215 1963 296 2028 odae
318 1963 391 2028 aliis
414 1961 586 2030 modorum
607 1963 783 2050 generibus
806 1962 998 2043 utebantur,
1028 1961 1086 2026 sed
1115 1962 1210 2027 etiam
1239 1960 1393 2049 pleraque
1423 1965 1568 2029 carmina
1588 1966 1661 2031 bre-

214 2065 362 2131 vioribus
385 2064 564 2149 eademque
587 2064 690 2129 tardis
713 2064 819 2130 modis
834 2065 995 2130 instructa
1016 2074 1102 2129 sunt.
1146 2063 1230 2128 Cum
1244 2073 1353 2128 autem
1368 2065 1485 2130 breues
1510 2065 1557 2130 illi
1574 2067 1662 2130 modi

213 2187 234 2229 a
261 2165 540 2232 sermocinationis
567 2167 726 2232 tenuitate
755 2189 870 2252 parum
897 2165 1081 2245 differrent,
1109 2187 1248 2230 canones
1276 2177 1308 2232 et
1336 2166 1494 2247 stichera,
1524 2189 1661 2253 quorum

212 2266 302 2332 modi
325 2264 471 2352 plerique
494 2267 610 2332 breves
626 2277 701 2332 sunt
709 2315 719 2347 ,
742 2268 808 2333 dici
823 2269 996 2351 (λέγεεθαι)
1011 2266 1110 2352 vulgo
1128 2269 1294 2350 feruntur,
1318 2279 1350 2333 ct
1372 2269 1406 2333 in
1421 2267 1536 2333 Triod.
1551 2291 1584 2356 p.
1598 2270 1663 2335 425

212 2371 282 2436 ‘adv
304 2369 404 2435 αὐτὸν
427 2365 508 2447 ἦχον
531 2370 700 2450 ψάλλομεν
729 2371 765 2437 έν
794 2372 842 2438 ἑνὶ
863 2371 983 2455 ἑκάετῳ
1005 2377 1071 2437 τῶν
1100 2369 1269 2451 ἑπομένων
1298 2371 1413 2451 ετίχων
1441 2375 1500 2436 τοῦ
1529 2374 1661 2450 ψαλμοῦ

213 2469 276 2550 πα’,
299 2471 485 2550 λεγομένων
506 2471 596 2550 παρὰ
615 2475 675 2536 τοῦ
698 2471 907 2548 ἀναγνώετου
921 2465 1017 2552 χύμα’
1040 2480 1155 2536 cantus
1172 2471 1307 2558 troparii
1330 2479 1363 2534 et
1383 2469 1550 2536 modulata
1564 2470 1662 2537 lectio

107 2652 109 2656 ι
214 2594 367 2636 versuum
400 2569 519 2657 psalmi
551 2572 716 2638 contraria
749 2584 924 2660 ponuntur.
975 2571 1143 2638 Vocabulo
1176 2582 1286 2637 autem
1319 2572 1402 2652 χύμα
1434 2572 1499 2635 iarn
1532 2583 1662 2638 veteres

212 2671 340 2738 Graeco
363 2671 511 2737 similiter
537 2695 614 2737 usos
642 2695 713 2738 esse
741 2673 906 2739 Aristides
935 2672 1158 2754 Quintilianus
1188 2673 1229 2736 de
1256 2695 1339 2737 mus.
1362 2695 1393 2758 p.
1416 2673 1458 2736 32
1484 2673 1535 2738 ed.
1559 2674 1660 2740 Meib.

213 2784 369 2840 testatur:
393 2775 490 2856 μέλοι
511 2777 568 2856 μὲν
591 2777 652 2855 γὰρ
668 2781 790 2842 νοεῖται
813 2777 880 2842 κατ’
902 2775 981 2841 αὐτὸ
1004 2777 1062 2855 μὲν
1083 2779 1151 2841 τοῑε
1174 2775 1382 2855 διαγράμματι
1405 2776 1456 2840 καλ
1476 2779 1544 2842 ruit
1567 2777 1662 2842 ἀτάκ-

212 2897 280 2943 τοι(
301 2876 483 2962 μελῳδίαιε,
506 2879 584 2956 μετὰ
606 2881 642 2942 δὲ
665 2877 785 2958 ῥυθμοῦ
807 2878 925 2961 μόνου,
949 2878 994 2942 ὼε
1016 2878 1069 2942 ἐπὶ
1083 2884 1149 2943 τῶν
1164 2877 1354 2957 κρουμάτων
1370 2878 1419 2941 καὶ
1435 2878 1562 2962 κώλων,
1578 2880 1657 2959 μετὰ

212 2979 248 3042 δὲ
270 2979 386 3044 λέξεωε
409 2979 508 3059 μόνη(
530 2979 582 3042 ἐπὶ
608 2983 674 3044 τῶν
697 2980 906 3058 καλουμένων
934 2979 1117 3058 κεχυμένων
1145 2979 1301 3062 ᾀεμάτων.
1352 2977 1436 3042 Nam
1459 2976 1660 3064 Byzantino-

212 3101 284 3142 rum
307 3101 435 3166 quoque
457 3081 535 3158 μέλη
558 3081 637 3144 κατὰ
658 3081 742 3159 χύμα
757 3081 915 3159 λεγόμενα
930 3079 1042 3144 liberis
1058 3078 1220 3165 rhythmis
1238 3078 1463 3144 volvebantur.
1509 3079 1661 3168 Denique

212 3178 323 3244 multis
357 3180 556 3246 carminibus
586 3181 716 3245 tertium
745 3203 848 3265 genus
876 3181 1045 3246 modorum
1072 3190 1137 3261 cst,
1171 3180 1259 3266 quod
1290 3201 1363 3244 curn
1396 3179 1537 3245 mediam
1572 3183 1657 3246 viam

213 3283 297 3346 inter
333 3281 465 3346 brevem
503 3295 537 3348 ct
573 3283 694 3347 lentam
731 3281 985 3348 modulationem
1028 3292 1158 3366 teneat,
1202 3284 1311 3364 μικτὸν
1355 3282 1426 3346 sive
1463 3283 1659 3364 ἀργοεύντα-

212 3404 274 3461 μον
296 3383 400 3452 audit.

296 3483 381 3550 Aliis
410 3495 444 3549 ct
465 3482 707 3551 obscurioribus
735 3487 917 3551 rationibus
946 3506 1043 3571 saepe
1066 3509 1086 3550 a
1114 3485 1302 3571 byzantinis
1330 3487 1495 3569 magistris
1525 3485 1658 3552 artium·

212 3607 275 3671 quc
297 3586 512 3672 scriptoribus
529 3589 607 3667 μέλη
632 3576 843 3668 ετιχηραμικὰ,
865 3565 1080 3670 deuoluunt,
1103 3587 1266 3652 παπαδικά
1282 3585 1538 3676 distinguuntur.
1583 3586 1660 3653 Duo

214 3688 326 3774 priora
353 3687 487 3753 nomina
513 3685 645 3752 facilem
671 3686 869 3776 explicatum
902 3686 1026 3752 habent
1053 3710 1095 3753 ex
1120 3689 1180 3771 iis,
1214 3709 1298 3774 quae
1326 3687 1367 3752 dc
1394 3687 1600 3752 Sticherariis
1628 3697 1661 3752 et

212 3787 426 3872 Hirmologiis
449 3790 589 3854 secundo
605 3787 689 3855 libro
705 3812 736 3876 p.
752 3789 886 3855 LXXII
902 3788 1133 3871 disseruimus;
1155 3791 1320 3856 παπαδικὰ
1336 3790 1425 3873 μέλη,
1441 3811 1525 3876 quae
1554 3787 1658 3854 tardis

212 3903 245 3957 et
265 3891 440 3976 protractis
469 3889 739 3973 adnumerantur,
769 3913 828 3956 nec
855 3903 988 3978 apertae
1016 3891 1151 3975 originis
1180 3900 1256 3956 sunt
1277 3913 1337 3956 nec
1359 3912 1379 3954 a
1401 3891 1567 3974 magistris
1589 3911 1659 3975 per·

212 3993 325 4079 spicue
349 3991 558 4058 deliniuntur.
581 3990 809 4078 Chrysanthus
825 3993 929 4075 euim,
952 4015 1049 4079 quem
1064 3990 1182 4078 reliqui
1205 4003 1394 4079 sequuntur,
1411 4013 1451 4055 ne
1474 3992 1580 4057 dicam
1604 4015 1659 4056 ex·

212 4093 331 4180 pilant,
354 4094 388 4156 in
411 4094 653 4179 conequievit,
676 4103 713 4158 ut
734 4085 856 4159 diceret
879 4117 910 4180 p.
936 4095 1012 4160 179:
1051 4096 1234 4162 παπαδικὸν
1262 4097 1359 4175 μέλοε
1389 4093 1471 4161 εἶναι
1498 4099 1658 4176 τοιοῦτον,

213 4195 285 4263 οῐον
308 4195 481 4274 εὑρίεκεται
503 4196 546 4261 εἰε
567 4197 607 4261 τὰ
631 4196 808 4262 Κοινωνικὰ
837 4198 888 4261 καλ
911 4196 1105 4277 Χερουβικά,
1132 4217 1238 4280 neque
1265 4194 1403 4259 multum
1431 4195 1596 4261 lucramur
1618 4217 1661 4259 cx

213 4295 287 4362 cod.
305 4294 404 4360 Vind.
428 4293 508 4383 phil.
531 4318 563 4358 n.
582 4296 653 4379 194,
677 4298 710 4360 in
733 4297 824 4360 cuius
847 4295 903 4361 l'ol.
930 4296 1005 4378 161,
1029 4319 1092 4382 quo
1115 4295 1186 4361 loco
1210 4297 1364 4360 carminis
1386 4295 1528 4361 melodia
1548 4297 1660 4362 finitur

213 4406 247 4462 et
268 4395 415 4462 inanium
439 4419 590 4462 sonorum
611 4395 759 4480 (Triller)
777 4396 874 4482 longa
895 4400 996 4463 series
1013 4397 1158 4479 orditur,
1180 4391 1373 4466 adnotatum
1388 4396 1542 4481 legimus:
1566 4400 1659 4464 τέλοε

211 4503 267 4578 silc
289 4502 470 4578 παπαδικῆε
491 4500 603 4580 τέχνηε
625 4501 677 4565 καὶ
698 4498 780 4580 ἀρχὴ
802 4505 859 4580 τῆε
874 4501 1112 4581 καλλοφωνίαε.
1156 4499 1229 4564 Hoc
1242 4507 1353 4564 autem
1373 4506 1479 4584 patet,
1501 4498 1565 4562 tria
1579 4497 1660 4564 haec

212 4599 425 4664 melodiarum
456 4621 577 4684 genera
609 4622 683 4664 cum
717 4599 863 4681 vicibus,
897 4623 979 4687 quas
1015 4622 1068 4665 ars
1097 4601 1222 4664 musica
1243 4598 1502 4686 Byzantinorum
1531 4606 1564 4663 et
1586 4608 1659 4666 octo

212 4711 363 4768 tonorum
386 4701 620 4768 discriminatio
643 4700 764 4780 subiit,
793 4702 974 4766 arctissime
1001 4703 1185 4768 cohaerere.
1231 4702 1308 4768 Alio
1337 4702 1422 4768 enim
1450 4723 1528 4768 sono
1558 4721 1659 4781 ετιχη-

211 4806 342 4886 μαρικὰ,
370 4803 435 4866 alio
464 4804 683 4884 appectoraret,
712 4801 776 4868 alio
803 4807 978 4871 παπαδικά.
996 4807 1075 4886 μέλη
1096 4805 1254 4888 cuiusque
1280 4807 1350 4870 toni
1377 4802 1486 4868 claudi
1513 4802 1660 4888 aliosque

1416 4908 1456 4965 h*
