3800 5474
299 351 402 420 ‘svm
892 365 1176 448 raonneensm.

312 516 486 602 graduale,
516 498 603 603 quod
632 517 707 580 huie
736 538 854 601 graeco
883 512 1043 580 vocabulo
1070 512 1261 600 respondet,
1284 524 1324 595 ,ct
1345 513 1451 598 ipsum
1474 510 1698 597 antiphoniam
1721 534 1766 576 ex

312 617 508 706 psalmorum
525 617 675 683 versibus
700 616 945 702 interiectisque
960 616 1065 700 tropis
1080 623 1284 680 constantem
1306 613 1483 698 significat,
1506 611 1630 698 duplici
1652 621 1764 677 tamen

312 721 443 786 nomine
464 742 484 783 a
505 741 623 804 graeco
645 718 774 799 differt,
803 720 943 805 primum
971 716 1058 804 quod
1073 717 1216 799 missae,
1246 737 1310 781 non
1338 714 1490 779 matutini
1513 713 1615 778 oflicii
1637 723 1764 800 partem

311 823 430 903 elficit,
459 818 578 886 deinde
605 820 693 906 quod
715 819 852 884 aseclis
879 818 1010 900 altaris,
1037 818 1071 882 in
1099 817 1217 905 quibus
1246 824 1411 900 cantetur,
1442 816 1566 881 dictum
1592 836 1665 880 esse
1691 837 1763 902 per-

310 922 458 1005 hibetur,
482 919 568 986 conl.
593 921 630 984 F.
653 920 748 986 Wolf
768 921 879 986 Ueber
902 921 955 985 dic
976 920 1054 984 Lais
1077 919 1110 986 S.
1133 919 1196 984 283
1218 919 1260 983 A.
1286 918 1357 984 108.

396 1026 652 1106 Ἀντίφωνον,
675 1022 773 1109 quod,
796 1043 873 1088 eum
894 1043 1012 1087 nomen
1034 1019 1234 1084 adiectivum
1256 1021 1314 1101 sit,
1337 1018 1432 1106 plene
1455 1019 1643 1100 ἀντίφωνον
1666 1019 1764 1099 μέλος

311 1127 443 1206 dieitur,
472 1139 603 1190 cantum
632 1146 787 1190 versuum
809 1145 883 1188 cum
905 1121 1041 1188 aliorum
1063 1121 1264 1186 canticorum
1286 1131 1354 1185 tum
1375 1119 1575 1208 psalmorum
1597 1119 1765 1204 significat

310 1229 358 1292 ita
379 1229 464 1292 inter
487 1227 568 1292 duos
591 1225 705 1292 choros
729 1225 956 1304 distributum,
980 1232 1016 1288 ut
1031 1221 1113 1287 alter
1128 1221 1223 1288 elteri
1237 1223 1378 1287 invicem
1393 1221 1600 1308 respondeat.
1637 1220 1762 1285 Morem

311 1339 420 1394 autem
436 1338 566 1394 cantum
582 1330 667 1394 inter
682 1327 763 1398 duos
780 1326 895 1393 choros
911 1324 1131 1391 distribuendi
1153 1324 1416 1409 antiquissimum
1437 1324 1503 1387 iam
1524 1323 1612 1409 apud
1635 1331 1764 1387 veteres

310 1430 455 1496 Graecos
483 1429 712 1518 pervulgatum
741 1429 843 1494 fnisse
870 1429 943 1515 ipsa
964 1427 1097 1492 nomina
1118 1428 1241 1508 ςτροφὴ
1264 1434 1297 1489 et
1318 1425 1528 1506 ἀντιςτροφὴ,
1552 1425 1708 1504 ἐπίρρημα
1730 1434 1764 1488 et

311 1533 527 1614 ἀντεπίρρημα
554 1530 698 1596 dilucide
726 1529 912 1595 ostendunt.
956 1526 1182 1614 Therapeutas
1210 1547 1338 1612 quoque
1365 1526 1399 1590 in
1425 1528 1579 1612 Aegypto
1610 1523 1765 1590 similiter

311 1643 442 1728 cantum
464 1633 648 1698 instituisse
667 1630 761 1696 Philo
784 1629 836 1694 De
852 1630 922 1695 vita
942 1627 1116 1716 contempl.
1134 1651 1166 1715 p.
1186 1627 1244 1692 102
1260 1628 1311 1691 ed.
1327 1628 1432 1692 Paris.
1448 1650 1467 1692 a
1485 1627 1567 1691 1640
1586 1627 1764 1694 memoriae

282 1793 285 1799 .
310 1735 463 1800 tradidit:
479 1736 539 1802 δύο
554 1735 697 1812 γίνονται
712 1735 750 1798 τὸ
765 1737 898 1812 πρῶτον
914 1731 1017 1812 χοροί,
1033 1731 1052 1796 ὁ
1068 1733 1125 1810 μέν
1140 1730 1280 1809 ἀνδρῶν,
1296 1729 1315 1794 ό
1330 1731 1367 1794 δέ
1379 1733 1554 1805 γυναικῶν·
1570 1728 1639 1795 εἶτα
1651 1730 1764 1812 ᾄδουςι

311 1838 549 1918 πεποιημένου(
564 1835 607 1901 eie
622 1836 680 1901 τὸν
696 1836 773 1900 Θεὸν
788 1825 908 1915 ὕμνους
923 1837 1060 1898 πολλοῖς
1076 1832 1202 1912 μέτροις
1218 1832 1267 1896 καὶ
1282 1831 1394 1911 με’λεςι,
1410 1837 1449 1915 τῇ
1465 1833 1523 1909 μὲν
1538 1835 1762 1910 ςυνηχοῡντες,

309 1947 348 2024 τῇ
371 1942 406 2006 δὲ
429 1937 626 2019 ἀντιφώνων
649 1936 759 2016 ὕμνοις
781 1937 832 2000 καὶ
852 1933 1018 2016 ἁρμονίαις
1040 1934 1360 2013 ἐπιχειρονομοῦντες
1382 1934 1432 1997 καὶ
1453 1934 1690 2012 έπορχοόμενοι
1713 1935 1764 1996 καί

311 2040 553 2108 ἐπιθειάζοντες.
599 2037 797 2102 Christianis
819 2056 897 2099 vero
920 2034 1015 2100 buius
1043 2044 1156 2100 cantus
1185 2035 1315 2118 generis
1344 2031 1505 2120 probandi
1527 2043 1561 2098 et
1581 2031 1762 2119 reeipiendi

311 2151 459 2208 auctores
482 2139 676 2206 Flavianum
699 2147 732 2202 ct
754 2137 936 2203 Diodorum
959 2135 1199 2202 Antiochenses
1221 2134 1324 2200 fuisse
1340 2133 1566 2200 Theodoretus
1589 2133 1665 2198 hist.
1682 2133 1760 2198 eccl.

184 2237 186 2244 ’
311 2242 358 2324 II,
381 2241 423 2306 24
444 2240 495 2305 his
518 2239 627 2305 verbis
650 2248 802 2304 testatur:
835 2238 926 2305 οὑτοι
955 2245 1077 2319 πρῶτοι
1104 2241 1175 2318 διχῆ
1197 2237 1357 2303 διελόντες
1378 2236 1455 2301 τοὺς
1477 2243 1543 2302 τῶν
1565 2236 1761 2316 ψαλλόντων

311 2345 430 2425 χοροὺς
459 2345 493 2408 ἐκ
521 2345 709 2423 παραδοχῆς
736 2341 824 2424 ᾄδειν
852 2343 910 2420 τὴν
937 2341 1114 2420 Δαϋιδικὴν
1141 2338 1288 2406 ἐδίδαξαν
1317 2336 1491 2421 μελῳδίαν·
1521 2337 1572 2402 καλ
1599 2340 1697 2402 τοῦτο
1726 2337 1760 2403 ἐν

311 2446 469 2528 Ἀντιοχίᾳ
502 2451 635 2524 πρῶτον
667 2443 847 2523 ἀρξάμενον
880 2442 1017 2507 παντόςε
1048 2442 1195 2520 διέδραμε
1227 2441 1279 2505 καὶ
1310 2439 1463 2519 κατέλαβε
1490 2443 1546 2518 τῆς
1573 2439 1761 2518 οἰκουμένης

311 2551 462 2628 τέρματα·
485 2569 506 2612 ιι
527 2567 591 2632 quo
614 2543 801 2609 testimonio
824 2542 987 2627 Georgius
1009 2527 1098 2628 apud
1113 2540 1265 2607 Photium
1282 2538 1361 2604 bibl.
1377 2559 1406 2603 c.
1422 2539 1464 2603 96
1479 2561 1511 2625 p.
1527 2538 1566 2604 81
1584 2539 1636 2603 ed.
1652 2538 1760 2604 Bekk.

311 2647 478 2736 paululum
501 2645 658 2728 discedit,
681 2646 793 2731 quiin
816 2643 930 2708 eadem
951 2643 1033 2708 urbe
1054 2642 1244 2726 Antiochia,
1267 2642 1324 2706 sed
1348 2640 1390 2707 ab
1411 2639 1539 2726 ignatio
1554 2639 1759 2728 Theopboro,

208 2813 213 2824 ,
312 2773 409 2838 quem
430 2751 625 2836 imperatore
646 2746 787 2812 Traiano
816 2746 940 2811 vixisse
969 2745 1095 2828 ferunt,
1123 2744 1375 2830 antiphonorum
1396 2749 1527 2807 cantum
1549 2742 1692 2829 primum
1713 2741 1759 2806 in·

312 2853 459 2918 stitutum
482 2872 553 2916 esse
575 2848 685 2914 refert.
729 2847 911 2934 Tantopere
938 2856 1048 2912 autem
1070 2845 1268 2933 psalmorum
1289 2845 1343 2910 hic
1365 2851 1478 2908 cantus
1505 2842 1639 2928 placuit,
1661 2853 1698 2910 ut
1719 2842 1759 2908 ab

312 2952 489 3020 Antiochia
509 2953 650 3039 primum
672 2971 730 3038 per
751 2970 863 3014 omnes
886 2946 1039 3012 ecclesias
1061 2967 1194 3033 graecas
1217 2956 1250 3011 et
1271 2955 1386 3033 postea
1407 2945 1439 3010 S.
1457 2944 1625 3010 Ambrosii
1647 2967 1708 3032 ope
1730 2955 1760 3009 et

312 3053 448 3122 consilio
471 3075 530 3140 per
550 3051 666 3116 latinas
689 3072 820 3138 quoque
841 3049 1119 3115 disseminaretur.
1155 3047 1266 3114 Medio
1287 3069 1365 3112 vero
1388 3068 1470 3112 aevo
1492 3046 1679 3112 institutum
1701 3057 1760 3128 est,

312 3166 350 3222 ut
377 3175 441 3220 non
472 3155 575 3219 solum
602 3153 802 3240 psalmorum
830 3171 959 3232 versus,
993 3152 1052 3216 sed
1084 3150 1182 3215 etiam
1215 3149 1345 3215 novicia
1378 3150 1539 3230 carmina,
1572 3149 1759 3229 προςόμοιο,

313 3259 456 3338 ςτιχηρὰ,
486 3255 633 3331 κανόνες,
663 3275 758 3318 omne
785 3253 925 3339 denique
953 3252 1088 3317 odarum
1116 3273 1217 3336 geum
1246 3275 1266 3316 a
1293 3248 1422 3315 duobus
1451 3247 1557 3313 choris
1585 3271 1645 3337 per
1671 3248 1759 3313 vices

311 3367 532 3439 cantarentur,
561 3377 657 3442 quem
677 3376 799 3419 morem
821 3352 960 3419 ecclesia
979 3375 1107 3439 graeca
1129 3360 1242 3439 utpote
1264 3372 1346 3437 quae
1368 3359 1516 3415 veterum
1537 3351 1760 3415 institutorum

311 3458 415 3527 multo
442 3481 538 3548 quam
568 3457 670 3524 latina
697 3456 843 3522 tenacior
866 3454 984 3537 fuerit,
1010 3476 1116 3541 usque
1136 3455 1179 3518 ad
1199 3461 1343 3518 nostram
1370 3453 1559 3516 memoriam
1581 3449 1692 3517 tuetur
1712 3461 1759 3518 at·

311 3585 375 3649 que
390 3562 553 3627 observat.
591 3559 674 3624 Cum
689 3558 789 3642 igitur
811 3558 920 3624 omnia
942 3555 1085 3620 carmina
1106 3553 1447 3641 graeceantiphonice
1461 3561 1631 3635 canantur,
1653 3561 1760 3618 tamen

311 3665 443 3751 proprie
465 3662 632 3742 deripuere
659 3660 813 3724 dicuntur
839 3659 904 3722 tria
930 3657 988 3721 illa
1015 3658 1158 3738 cantica,
1195 3677 1278 3743 quae
1305 3657 1341 3719 in
1366 3654 1500 3741 liturgia
1527 3655 1686 3720 minorem
1713 3655 1759 3719 in·

312 3764 447 3829 troitum
468 3764 596 3845 (μικρὰν
618 3747 759 3841 eleetos)
786 3769 818 3822 et
846 3757 1018 3845 epistolam
1045 3757 1253 3846 praecedunt.
1299 3757 1349 3821 Ea
1370 3779 1412 3822 ex
1434 3758 1600 3844 quaternis
1622 3755 1760 3844 psalmo·

312 3887 386 3930 mm
408 3862 558 3928 versibus
581 3862 722 3944 (ςτίχοις)
744 3870 776 3925 et
798 3860 972 3947 ephymnio
1001 3869 1077 3946 post
1102 3879 1364 3946 unumquemque
1386 3880 1517 3922 versum
1539 3859 1760 3925 interserendo

313 3973 474 4032 constant.
511 3963 649 4028 Psalmis
666 3971 774 4027 autem
790 3960 982 4048 ephymnia,
1005 3982 1089 4048 quae
1103 3960 1226 4028 Christi
1248 3981 1418 4047 novaeque
1438 3959 1567 4045 gratiae
1590 3961 1763 4047 praeconia

312 4068 496 4150 continent,
519 4066 770 4151 subiunguntur,
793 4073 831 4128 ut
847 4064 968 4127 veteris
983 4072 1016 4127 et
1030 4063 1108 4127 novi
1122 4062 1325 4127 Testamenti
1346 4081 1490 4126 conexus
1513 4070 1546 4125 et
1568 4061 1762 4128 vicissitudo

312 4170 528 4256 significetur3
552 4189 615 4255 qne
636 4166 734 4231 dere
757 4167 898 4253 Symeon
920 4163 1220 4228 Thessalonicensis
1243 4163 1306 4228 ‘De
1329 4161 1464 4250 templo'
1485 4162 1566 4228 haee
1587 4164 1760 4250 praecipit:

312 4275 454 4354 ψαλμικὰ
480 4275 538 4352 μὲν
566 4269 800 4351 προλέγοντες,
827 4266 1045 4332 ’ςυνιίπτοντες
1071 4268 1107 4330 δέ
1134 4267 1184 4330 καὶ
1211 4267 1245 4330 ἐκ
1267 4269 1323 4344 τῆς
1345 4267 1474 4346 χάριτος
1496 4266 1532 4348 (i.
1555 4289 1584 4329 e.
1606 4270 1662 4344 τῆς
1685 4267 1762 4332 νέαε

311 4376 455 4455 χάριτος)
471 4375 547 4439 τοὺς
562 4372 696 4453 ὕμνους,
719 4370 771 4435 διὰ
793 4371 851 4449 μέν
872 4371 940 4434 τῶν
962 4369 1102 4448 ψαλμῶν
1123 4371 1396 4448 προκηρυχθεῑςαν
1419 4367 1558 4432 καὶτοῖς
1579 4368 1689 4446 πάλαι,
1712 4368 1762 4434 οἱς

312 4477 572 4554 καταγγέλλουει,
594 4475 654 4552 τὴν
676 4476 735 4537 τοῦ
756 4475 834 4536 θεοῦ
862 4457 1018 4549 ςόρκωειν
1045 4469 1094 4532 καὶ
1119 4457 1171 4533 διὰ
1193 4474 1258 4534 τῶν
1280 4469 1447 4549 ἐφυμνίων
1469 4466 1569 4549 αὐτὴν
1590 4475 1761 4550 παριςτῶςι

311 4581 371 4658 τὴν
393 4578 487 4658 χάριν
507 4573 732 4654 τετελεεμένην
755 4573 886 4638 καὶτὸν
914 4575 974 4636 τοῦ
1001 4575 1078 4636 θεοῦ
1105 4571 1177 4638 υἱὸν
1199 4570 1400 4650 ςαρκωθέντα
1421 4589 1457 4636 τε
1479 4571 1529 4636 καλ
1551 4571 1659 4636 πάντα
1679 4569 1762 4650 ὑπὲρ

312 4681 404 4763 ἡμῶν
425 4678 646 4756 ἐνεργήςαντα

303 4771 307 4776 ’
398 4777 490 4844 Haec
517 4775 617 4864 igitur
642 4773 820 4862 antiphona
847 4780 974 4860 partem
1002 4773 1200 4854 λειτουργίας
1221 4775 1291 4837 sive
1319 4771 1438 4838 missae
1465 4771 1627 4854 efficiunt,
1656 4792 1763 4857 neque
