<?xml version="1.0" encoding="UTF-8"?>
<!DOCTYPE html PUBLIC "-//W3C//DTD XHTML 1.0 Transitional//EN"
    "http://www.w3.org/TR/xhtml1/DTD/xhtml1-transitional.dtd">
<html xmlns="http://www.w3.org/1999/xhtml" xml:lang="en" lang="en">
 <head>
  <title>
</title>
<meta http-equiv="Content-Type" content="text/html;charset=utf-8" />
  <meta name='ocr-system' content='tesseract 3.04.00' />
  <meta name='ocr-capabilities' content='ocr_page ocr_carea ocr_par ocr_line ocrx_word'/>
</head>
<body>
  <div class='ocr_page' id='page_1' title='image "anthologiagraec00chrigoog_0119.png"; bbox 0 0 3886 5480; ppageno 0'>
   <div class='ocr_carea' id='block_1_1' title="bbox 300 393 1161 453">
    <p class='ocr_par' dir='ltr' id='par_1_1' title="bbox 300 393 1161 453">
     <span class='ocr_line' id='line_1_1' title="bbox 300 393 1161 453; baseline -0.001 -2"><span class='ocrx_word' id='word_1_1' title='bbox 300 397 386 453; x_wconf 81' lang='lat' dir='ltr'>cxlv</span> <span class='ocrx_word' id='word_1_2' title='bbox 878 393 1161 450; x_wconf 82' lang='lat' dir='ltr'>PROLEGOMENA.</span> 
     </span>
    </p>
   </div>
   <div class='ocr_carea' id='block_1_2' title="bbox 199 539 1755 4899">
    <p class='ocr_par' dir='ltr' id='par_1_2' title="bbox 300 539 1750 730">
     <span class='ocr_line' id='line_1_2' title="bbox 300 539 1750 630; baseline 0 -22"><span class='ocrx_word' id='word_1_3' title='bbox 300 544 432 630; x_wconf 85' lang='lat' dir='ltr'>quidem</span> <span class='ocrx_word' id='word_1_4' title='bbox 470 542 591 606; x_wconf 91' lang='lat' dir='ltr'>tonitui</span> <span class='ocrx_word' id='word_1_5' title='bbox 628 541 753 623; x_wconf 90' lang='lat' dir='ltr'>boatu,</span> <span class='ocrx_word' id='word_1_6' title='bbox 795 539 1020 626; x_wconf 77' lang='lat' dir='ltr'>garrulitatem</span> <span class='ocrx_word' id='word_1_7' title='bbox 1062 563 1140 608; x_wconf 90' lang='lat' dir='ltr'>vero</span> <span class='ocrx_word' id='word_1_8' title='bbox 1177 539 1268 628; x_wconf 86' lang='lat' dir='ltr'>lyrae</span> <span class='ocrx_word' id='word_1_9' title='bbox 1304 540 1358 606; x_wconf 85' lang='lat' dir='ltr'>vel</span> <span class='ocrx_word' id='word_1_10' title='bbox 1394 541 1538 628; x_wconf 80' lang='lat' dir='ltr'><strong>cymbali</strong></span> <span class='ocrx_word' id='word_1_11' title='bbox 1578 543 1750 610; x_wconf 75' lang='lat' dir='ltr'><strong>dulcedine</strong></span> 
     </span>
     <span class='ocr_line' id='line_1_3' title="bbox 300 643 534 730; baseline -0.004 -21"><span class='ocrx_word' id='word_1_12' title='bbox 300 643 534 730; x_wconf 88' lang='lat' dir='ltr'>coaequabat&#39;.</span> 
     </span>
    </p>

    <p class='ocr_par' dir='ltr' id='par_1_3' title="bbox 199 742 1750 1844">
     <span class='ocr_line' id='line_1_4' title="bbox 386 742 1749 831; baseline 0.004 -21"><span class='ocrx_word' id='word_1_13' title='bbox 386 745 469 810; x_wconf 79' lang='lat' dir='ltr'>Cum</span> <span class='ocrx_word' id='word_1_14' title='bbox 498 754 606 810; x_wconf 91' lang='lat' dir='ltr'>autem</span> <span class='ocrx_word' id='word_1_15' title='bbox 635 745 768 829; x_wconf 81' lang='lat' dir='ltr'><strong>organis</strong></span> <span class='ocrx_word' id='word_1_16' title='bbox 791 742 909 810; x_wconf 82' lang='lat' dir='ltr'>Graeci</span> <span class='ocrx_word' id='word_1_17' title='bbox 937 753 1102 828; x_wconf 80' lang='lat' dir='ltr'>carerent,</span> <span class='ocrx_word' id='word_1_18' title='bbox 1132 754 1219 810; x_wconf 88' lang='lat' dir='ltr'>certe</span> <span class='ocrx_word' id='word_1_19' title='bbox 1248 746 1281 809; x_wconf 94' lang='lat' dir='ltr'>in</span> <span class='ocrx_word' id='word_1_20' title='bbox 1304 745 1451 812; x_wconf 89' lang='lat' dir='ltr'>ecclesiis</span> <span class='ocrx_word' id='word_1_21' title='bbox 1478 768 1545 812; x_wconf 91' lang='grc'>000</span> <span class='ocrx_word' id='word_1_22' title='bbox 1571 758 1749 831; x_wconf 86' lang='lat' dir='ltr'>uterentur,</span> 
     </span>
     <span class='ocr_line' id='line_1_5' title="bbox 303 844 1750 934; baseline 0.003 -23"><span class='ocrx_word' id='word_1_23' title='bbox 303 869 459 911; x_wconf 90' lang='lat' dir='ltr'>manuum</span> <span class='ocrx_word' id='word_1_24' title='bbox 493 846 592 910; x_wconf 83' lang='lat' dir='ltr'>variis</span> <span class='ocrx_word' id='word_1_25' title='bbox 624 847 768 912; x_wconf 90' lang='lat' dir='ltr'>motibus</span> <span class='ocrx_word' id='word_1_26' title='bbox 798 845 1011 931; x_wconf 85' lang='grc' dir='ltr'>(χειρονομίᾳ)</span> <span class='ocrx_word' id='word_1_27' title='bbox 1041 854 1171 911; x_wconf 90' lang='lat' dir='ltr'>cantum</span> <span class='ocrx_word' id='word_1_28' title='bbox 1206 844 1410 931; x_wconf 74' lang='lat' dir='ltr'>dirigebant,</span> <span class='ocrx_word' id='word_1_29' title='bbox 1446 849 1532 934; x_wconf 91' lang='lat' dir='ltr'>quod</span> <span class='ocrx_word' id='word_1_30' title='bbox 1564 872 1681 916; x_wconf 90' lang='lat' dir='ltr'>munus</span> <span class='ocrx_word' id='word_1_31' title='bbox 1709 874 1750 916; x_wconf 92' lang='lat' dir='ltr'>ne</span> 
     </span>
     <span class='ocr_line' id='line_1_6' title="bbox 302 946 1750 1038; baseline 0.001 -25"><span class='ocrx_word' id='word_1_32' title='bbox 302 951 533 1035; x_wconf 83' lang='lat' dir='ltr'>imperatorem</span> <span class='ocrx_word' id='word_1_33' title='bbox 555 947 688 1035; x_wconf 89' lang='lat' dir='ltr'>quidem</span> <span class='ocrx_word' id='word_1_34' title='bbox 711 946 929 1032; x_wconf 85' lang='lat' dir='ltr'>Theophilum</span> <span class='ocrx_word' id='word_1_35' title='bbox 953 948 1063 1012; x_wconf 89' lang='lat' dir='ltr'>subire</span> <span class='ocrx_word' id='word_1_36' title='bbox 1083 957 1293 1034; x_wconf 90' lang='lat' dir='ltr'>aspernatum</span> <span class='ocrx_word' id='word_1_37' title='bbox 1315 969 1387 1013; x_wconf 88' lang='lat' dir='ltr'>esse</span> <span class='ocrx_word' id='word_1_38' title='bbox 1409 948 1578 1015; x_wconf 83' lang='lat' dir='ltr'>(ledrenus</span> <span class='ocrx_word' id='word_1_39' title='bbox 1600 975 1633 1038; x_wconf 93' lang='lat' dir='ltr'>p.</span> <span class='ocrx_word' id='word_1_40' title='bbox 1648 951 1750 1018; x_wconf 78' lang='lat' dir='ltr'>522ss</span> 
     </span>
     <span class='ocr_line' id='line_1_7' title="bbox 300 1047 1749 1135; baseline 0.003 -21"><span class='ocrx_word' id='word_1_41' title='bbox 300 1049 412 1116; x_wconf 80' lang='lat' dir='ltr'>refert.</span> <span class='ocrx_word' id='word_1_42' title='bbox 457 1047 520 1113; x_wconf 89' lang='lat' dir='ltr'>His</span> <span class='ocrx_word' id='word_1_43' title='bbox 544 1071 700 1114; x_wconf 89' lang='lat' dir='ltr'>manuum</span> <span class='ocrx_word' id='word_1_44' title='bbox 722 1049 865 1114; x_wconf 90' lang='lat' dir='ltr'>motibus</span> <span class='ocrx_word' id='word_1_45' title='bbox 889 1047 977 1134; x_wconf 90' lang='lat' dir='ltr'>quod</span> <span class='ocrx_word' id='word_1_46' title='bbox 1000 1047 1223 1130; x_wconf 81' lang='lat' dir='ltr'>altitudinem,</span> <span class='ocrx_word' id='word_1_47' title='bbox 1247 1047 1507 1135; x_wconf 81' lang='lat' dir='ltr'>depressionem,</span> <span class='ocrx_word' id='word_1_48' title='bbox 1530 1051 1635 1117; x_wconf 87' lang='lat' dir='ltr'>flexus</span> <span class='ocrx_word' id='word_1_49' title='bbox 1658 1055 1749 1118; x_wconf 90' lang='lat' dir='ltr'>vocis</span> 
     </span>
     <span class='ocr_line' id='line_1_8' title="bbox 300 1148 1746 1238; baseline 0.003 -22"><span class='ocrx_word' id='word_1_50' title='bbox 300 1151 543 1237; x_wconf 90' lang='lat' dir='ltr'>significabant,</span> <span class='ocrx_word' id='word_1_51' title='bbox 560 1161 657 1216; x_wconf 91' lang='lat' dir='ltr'>notae</span> <span class='ocrx_word' id='word_1_52' title='bbox 672 1152 828 1232; x_wconf 82' lang='lat' dir='ltr'>musicae,</span> <span class='ocrx_word' id='word_1_53' title='bbox 846 1149 946 1216; x_wconf 90' lang='lat' dir='ltr'>multo</span> <span class='ocrx_word' id='word_1_54' title='bbox 958 1161 1034 1237; x_wconf 85' lang='lat' dir='ltr'>post</span> <span class='ocrx_word' id='word_1_55' title='bbox 1044 1149 1120 1215; x_wconf 90' lang='lat' dir='ltr'>illae</span> <span class='ocrx_word' id='word_1_56' title='bbox 1135 1148 1268 1238; x_wconf 90' lang='lat' dir='ltr'>quidem</span> <span class='ocrx_word' id='word_1_57' title='bbox 1278 1150 1438 1231; x_wconf 87' lang='lat' dir='ltr'>inventae,</span> <span class='ocrx_word' id='word_1_58' title='bbox 1455 1153 1746 1235; x_wconf 73' lang='grc' dir='ltr'><strong>00010οχ00000-</strong></span> 
     </span>
     <span class='ocr_line' id='line_1_9' title="bbox 299 1251 1747 1339; baseline 0.001 -21"><span class='ocrx_word' id='word_1_59' title='bbox 299 1257 370 1335; x_wconf 85' lang='grc' dir='ltr'>μίας</span> <span class='ocrx_word' id='word_1_60' title='bbox 393 1251 768 1339; x_wconf 88' lang='lat' dir='ltr'>comprehendebantur;</span> <span class='ocrx_word' id='word_1_61' title='bbox 793 1252 878 1318; x_wconf 86' lang='lat' dir='ltr'>conf.</span> <span class='ocrx_word' id='word_1_62' title='bbox 901 1251 1056 1337; x_wconf 80' lang='lat' dir='ltr'>Beitrttge</span> <span class='ocrx_word' id='word_1_63' title='bbox 1079 1251 1112 1317; x_wconf 87' lang='lat' dir='ltr'>S.</span> <span class='ocrx_word' id='word_1_64' title='bbox 1134 1253 1186 1316; x_wconf 87' lang='lat'>61.</span> <span class='ocrx_word' id='word_1_65' title='bbox 1231 1251 1320 1332; x_wconf 81' lang='lat' dir='ltr'>Quin</span> <span class='ocrx_word' id='word_1_66' title='bbox 1343 1253 1441 1316; x_wconf 89' lang='lat' dir='ltr'>etiam</span> <span class='ocrx_word' id='word_1_67' title='bbox 1455 1254 1579 1320; x_wconf 87' lang='lat' dir='ltr'>formas</span> <span class='ocrx_word' id='word_1_68' title='bbox 1595 1267 1747 1321; x_wconf 88' lang='lat' dir='ltr'>notarum</span> 
     </span>
     <span class='ocr_line' id='line_1_10' title="bbox 300 1353 1748 1441; baseline 0.003 -22"><span class='ocrx_word' id='word_1_69' title='bbox 300 1367 406 1422; x_wconf 90' lang='lat' dir='ltr'>motus</span> <span class='ocrx_word' id='word_1_70' title='bbox 430 1375 586 1418; x_wconf 88' lang='lat' dir='ltr'>manuum</span> <span class='ocrx_word' id='word_1_71' title='bbox 607 1353 730 1418; x_wconf 90' lang='lat' dir='ltr'>imitari</span> <span class='ocrx_word' id='word_1_72' title='bbox 753 1353 980 1439; x_wconf 84' lang='lat' dir='ltr'>Chrysanthus</span> <span class='ocrx_word' id='word_1_73' title='bbox 998 1355 1090 1431; x_wconf 86' lang='grc' dir='ltr'>Μέγα</span> <span class='ocrx_word' id='word_1_74' title='bbox 1105 1355 1249 1434; x_wconf 68' lang='lat' dir='ltr'>etopus.</span> <span class='ocrx_word' id='word_1_75' title='bbox 1266 1377 1298 1440; x_wconf 95' lang='lat' dir='ltr'>p.</span> <span class='ocrx_word' id='word_1_76' title='bbox 1315 1353 1354 1418; x_wconf 91' lang='grc'>91</span> <span class='ocrx_word' id='word_1_77' title='bbox 1363 1376 1412 1441; x_wconf 90' lang='lat' dir='ltr'>sq.</span> <span class='ocrx_word' id='word_1_78' title='bbox 1434 1356 1617 1420; x_wconf 87' lang='lat' dir='ltr'>rectissime</span> <span class='ocrx_word' id='word_1_79' title='bbox 1629 1368 1748 1439; x_wconf 91' lang='lat' dir='ltr'>monet,</span> 
     </span>
     <span class='ocr_line' id='line_1_11' title="bbox 199 1437 1748 1545; baseline -0.002 -20"><span class='ocrx_word' id='word_1_80' title='bbox 199 1509 205 1525; x_wconf 78' lang='lat'>.</span> <span class='ocrx_word' id='word_1_81' title='bbox 299 1455 391 1522; x_wconf 91' lang='lat' dir='ltr'>velut</span> <span class='ocrx_word' id='word_1_82' title='bbox 423 1458 557 1536; x_wconf 80' lang='grc' dir='ltr'>πεταςτὴ</span> <span class='ocrx_word' id='word_1_83' title='bbox 586 1437 701 1519; x_wconf 79' lang='lat' dir='ltr'>manua</span> <span class='ocrx_word' id='word_1_84' title='bbox 735 1456 829 1540; x_wconf 89' lang='lat' dir='ltr'>quasi</span> <span class='ocrx_word' id='word_1_85' title='bbox 855 1453 898 1518; x_wconf 92' lang='lat' dir='ltr'>ad</span> <span class='ocrx_word' id='word_1_86' title='bbox 927 1444 1072 1520; x_wconf 82' lang='lat' dir='ltr'>volatum</span> <span class='ocrx_word' id='word_1_87' title='bbox 1094 1455 1222 1520; x_wconf 88' lang='lat' dir='ltr'>levatae</span> <span class='ocrx_word' id='word_1_88' title='bbox 1244 1464 1278 1520; x_wconf 89' lang='lat' dir='ltr'>et</span> <span class='ocrx_word' id='word_1_89' title='bbox 1305 1456 1442 1535; x_wconf 89' lang='grc' dir='ltr'>ιιέντημα</span> <span class='ocrx_word' id='word_1_90' title='bbox 1463 1457 1560 1540; x_wconf 85' lang='lat' dir='ltr'>digiti</span> <span class='ocrx_word' id='word_1_91' title='bbox 1581 1443 1748 1545; x_wconf 86' lang='lat' dir='ltr'>tamquam</span> 
     </span>
     <span class='ocr_line' id='line_1_12' title="bbox 300 1555 1750 1645; baseline 0 -21"><span class='ocrx_word' id='word_1_92' title='bbox 300 1560 341 1624; x_wconf 90' lang='lat' dir='ltr'>ad</span> <span class='ocrx_word' id='word_1_93' title='bbox 370 1556 580 1645; x_wconf 87' lang='lat' dir='ltr'>pungendum</span> <span class='ocrx_word' id='word_1_94' title='bbox 607 1556 749 1643; x_wconf 89' lang='lat' dir='ltr'>porrecti</span> <span class='ocrx_word' id='word_1_95' title='bbox 776 1555 1024 1621; x_wconf 88' lang='lat' dir='ltr'>similitudinem</span> <span class='ocrx_word' id='word_1_96' title='bbox 1052 1557 1164 1622; x_wconf 82' lang='lat' dir='ltr'>refert.</span> <span class='ocrx_word' id='word_1_97' title='bbox 1217 1555 1389 1622; x_wconf 89' lang='lat' dir='ltr'>Simillimo</span> <span class='ocrx_word' id='word_1_98' title='bbox 1418 1579 1495 1623; x_wconf 90' lang='grc'><strong>0010</strong></span> <span class='ocrx_word' id='word_1_99' title='bbox 1522 1558 1619 1625; x_wconf 89' lang='lat' dir='ltr'>modo</span> <span class='ocrx_word' id='word_1_100' title='bbox 1649 1559 1750 1626; x_wconf 88' lang='lat' dir='ltr'>Indos</span> 
     </span>
     <span class='ocr_line' id='line_1_13' title="bbox 299 1657 1748 1747; baseline 0.001 -22"><span class='ocrx_word' id='word_1_101' title='bbox 299 1682 429 1747; x_wconf 90' lang='lat' dir='ltr'>quoque</span> <span class='ocrx_word' id='word_1_102' title='bbox 461 1660 552 1724; x_wconf 86' lang='lat' dir='ltr'>vocis</span> <span class='ocrx_word' id='word_1_103' title='bbox 586 1658 691 1723; x_wconf 86' lang='lat' dir='ltr'>flexus</span> <span class='ocrx_word' id='word_1_104' title='bbox 720 1657 872 1733; x_wconf 85' lang='lat' dir='ltr'>manibus</span> <span class='ocrx_word' id='word_1_105' title='bbox 901 1657 1080 1745; x_wconf 85' lang='lat' dir='ltr'>digitisque</span> <span class='ocrx_word' id='word_1_106' title='bbox 1110 1657 1296 1742; x_wconf 88' lang='lat' dir='ltr'>significare</span> <span class='ocrx_word' id='word_1_107' title='bbox 1329 1667 1363 1723; x_wconf 89' lang='lat' dir='ltr'>et</span> <span class='ocrx_word' id='word_1_108' title='bbox 1389 1658 1547 1724; x_wconf 87' lang='lat' dir='ltr'>adiuvare</span> <span class='ocrx_word' id='word_1_109' title='bbox 1575 1660 1748 1727; x_wconf 89' lang='lat' dir='ltr'>familiaris</span> 
     </span>
     <span class='ocr_line' id='line_1_14' title="bbox 259 1758 1137 1844; baseline -0.006 -17"><span class='ocrx_word' id='word_1_110' title='bbox 259 1767 272 1790; x_wconf 80' lang='lat'>⁶</span> <span class='ocrx_word' id='word_1_111' title='bbox 300 1783 392 1827; x_wconf 89' lang='lat' dir='ltr'>meus</span> <span class='ocrx_word' id='word_1_112' title='bbox 416 1759 580 1825; x_wconf 86' lang='lat' dir='ltr'>Martinus</span> <span class='ocrx_word' id='word_1_113' title='bbox 604 1758 704 1844; x_wconf 89' lang='lat' dir='ltr'>Haug</span> <span class='ocrx_word' id='word_1_114' title='bbox 726 1781 852 1826; x_wconf 91' lang='lat' dir='ltr'>mecum</span> <span class='ocrx_word' id='word_1_115' title='bbox 873 1760 1137 1825; x_wconf 81' lang='lat' dir='ltr'>communicavit.</span> 
     </span>
    </p>

    <p class='ocr_par' dir='ltr' id='par_1_4' title="bbox 261 1860 1750 3148">
     <span class='ocr_line' id='line_1_15' title="bbox 385 1860 1745 1948; baseline 0.004 -22"><span class='ocrx_word' id='word_1_116' title='bbox 385 1863 459 1926; x_wconf 88' lang='lat' dir='ltr'>Non</span> <span class='ocrx_word' id='word_1_117' title='bbox 481 1863 588 1925; x_wconf 91' lang='grc'><strong>101000</strong></span> <span class='ocrx_word' id='word_1_118' title='bbox 617 1861 805 1926; x_wconf 89' lang='lat' dir='ltr'>veneranda</span> <span class='ocrx_word' id='word_1_119' title='bbox 832 1861 1027 1946; x_wconf 86' lang='lat' dir='ltr'>simplicitas</span> <span class='ocrx_word' id='word_1_120' title='bbox 1056 1873 1170 1926; x_wconf 90' lang='lat' dir='ltr'>cantus</span> <span class='ocrx_word' id='word_1_121' title='bbox 1199 1860 1357 1928; x_wconf 90' lang='lat' dir='ltr'>ecclesiae</span> <span class='ocrx_word' id='word_1_122' title='bbox 1384 1885 1522 1948; x_wconf 83' lang='lat' dir='ltr'>graecae</span> <span class='ocrx_word' id='word_1_123' title='bbox 1550 1865 1585 1930; x_wconf 90' lang='lat' dir='ltr'>in</span> <span class='ocrx_word' id='word_1_124' title='bbox 1608 1887 1646 1931; x_wconf 92' lang='lat' dir='ltr'>eo</span> <span class='ocrx_word' id='word_1_125' title='bbox 1668 1888 1745 1931; x_wconf 92' lang='lat' dir='ltr'>con·</span> 
     </span>
     <span class='ocr_line' id='line_1_16' title="bbox 299 1962 1746 2052; baseline 0 -22"><span class='ocrx_word' id='word_1_126' title='bbox 299 1965 450 2052; x_wconf 80' lang='lat' dir='ltr'>spiritur,</span> <span class='ocrx_word' id='word_1_127' title='bbox 474 1962 562 2049; x_wconf 90' lang='lat' dir='ltr'>quod</span> <span class='ocrx_word' id='word_1_128' title='bbox 584 1983 687 2048; x_wconf 91' lang='lat' dir='ltr'>usque</span> <span class='ocrx_word' id='word_1_129' title='bbox 710 1963 751 2026; x_wconf 91' lang='lat' dir='ltr'>ad</span> <span class='ocrx_word' id='word_1_130' title='bbox 774 1962 860 2028; x_wconf 90' lang='lat' dir='ltr'>hunc</span> <span class='ocrx_word' id='word_1_131' title='bbox 882 1963 969 2028; x_wconf 92' lang='lat' dir='ltr'>diem</span> <span class='ocrx_word' id='word_1_132' title='bbox 991 1962 1173 2028; x_wconf 87' lang='grc'><strong>1011011000</strong></span> <span class='ocrx_word' id='word_1_133' title='bbox 1190 1965 1309 2028; x_wconf 89' lang='grc'><strong>0010110</strong></span> <span class='ocrx_word' id='word_1_134' title='bbox 1333 1965 1460 2052; x_wconf 91' lang='lat' dir='ltr'>imperii</span> <span class='ocrx_word' id='word_1_135' title='bbox 1476 1966 1648 2051; x_wconf 81' lang='lat' dir='ltr'>byzantini</span> <span class='ocrx_word' id='word_1_136' title='bbox 1670 1989 1746 2032; x_wconf 92' lang='lat' dir='ltr'>con-</span> 
     </span>
     <span class='ocr_line' id='line_1_17' title="bbox 301 2063 1747 2152; baseline 0 -20"><span class='ocrx_word' id='word_1_137' title='bbox 301 2076 431 2132; x_wconf 91' lang='lat' dir='ltr'>centum</span> <span class='ocrx_word' id='word_1_138' title='bbox 458 2063 600 2151; x_wconf 91' lang='lat' dir='ltr'>plurium</span> <span class='ocrx_word' id='word_1_139' title='bbox 623 2084 741 2128; x_wconf 86' lang='lat' dir='ltr'>vocum</span> <span class='ocrx_word' id='word_1_140' title='bbox 764 2066 833 2129; x_wconf 89' lang='lat' dir='ltr'>sive</span> <span class='ocrx_word' id='word_1_141' title='bbox 848 2063 1082 2151; x_wconf 89' lang='lat' dir='ltr'>polyphoniam</span> <span class='ocrx_word' id='word_1_142' title='bbox 1098 2074 1302 2152; x_wconf 85' lang='lat' dir='ltr'>spreverunt.</span> <span class='ocrx_word' id='word_1_143' title='bbox 1346 2065 1432 2132; x_wconf 89' lang='lat' dir='ltr'>Solis</span> <span class='ocrx_word' id='word_1_144' title='bbox 1455 2067 1490 2132; x_wconf 90' lang='lat' dir='ltr'>in</span> <span class='ocrx_word' id='word_1_145' title='bbox 1504 2069 1651 2133; x_wconf 88' lang='lat' dir='ltr'>ecclesiis</span> <span class='ocrx_word' id='word_1_146' title='bbox 1666 2067 1747 2132; x_wconf 90' lang='lat' dir='ltr'>Vin-</span> 
     </span>
     <span class='ocr_line' id='line_1_18' title="bbox 261 2164 1746 2256; baseline 0.001 -24"><span class='ocrx_word' id='word_1_147' title='bbox 261 2203 265 2210; x_wconf 92' lang='lat'>·</span> <span class='ocrx_word' id='word_1_148' title='bbox 302 2168 467 2247; x_wconf 91' lang='lat' dir='ltr'>dobonae,</span> <span class='ocrx_word' id='word_1_149' title='bbox 484 2164 646 2247; x_wconf 88' lang='lat' dir='ltr'>Odessae,</span> <span class='ocrx_word' id='word_1_150' title='bbox 662 2164 832 2246; x_wconf 91' lang='lat' dir='ltr'>Londinii‚</span> <span class='ocrx_word' id='word_1_151' title='bbox 850 2166 1019 2249; x_wconf 82' lang='lat' dir='ltr'>Tergestis</span> <span class='ocrx_word' id='word_1_152' title='bbox 1035 2167 1170 2231; x_wconf 87' lang='lat' dir='ltr'>auribus</span> <span class='ocrx_word' id='word_1_153' title='bbox 1186 2164 1381 2250; x_wconf 88' lang='lat' dir='ltr'>incolarum,</span> <span class='ocrx_word' id='word_1_154' title='bbox 1398 2168 1617 2256; x_wconf 88' lang='lat' dir='ltr'>polyphoniae</span> <span class='ocrx_word' id='word_1_155' title='bbox 1629 2171 1746 2236; x_wconf 90' lang='lat' dir='ltr'>tumori</span> 
     </span>
     <span class='ocr_line' id='line_1_19' title="bbox 300 2267 1747 2350; baseline 0.001 -16"><span class='ocrx_word' id='word_1_156' title='bbox 300 2268 511 2349; x_wconf 83' lang='lat' dir='ltr'>assuefactis,</span> <span class='ocrx_word' id='word_1_157' title='bbox 535 2268 596 2332; x_wconf 92' lang='lat' dir='ltr'>hcc</span> <span class='ocrx_word' id='word_1_158' title='bbox 619 2267 763 2332; x_wconf 89' lang='lat' dir='ltr'>dandum</span> <span class='ocrx_word' id='word_1_159' title='bbox 785 2289 856 2332; x_wconf 87' lang='lat' dir='ltr'>esse</span> <span class='ocrx_word' id='word_1_160' title='bbox 878 2268 1165 2350; x_wconf 84' lang='lat' dir='ltr'>existimaverunt,</span> <span class='ocrx_word' id='word_1_161' title='bbox 1193 2277 1231 2333; x_wconf 91' lang='lat' dir='ltr'>ut</span> <span class='ocrx_word' id='word_1_162' title='bbox 1253 2290 1273 2332; x_wconf 92' lang='lat' dir='ltr'>a</span> <span class='ocrx_word' id='word_1_163' title='bbox 1295 2269 1457 2335; x_wconf 89' lang='lat' dir='ltr'>tenuitate</span> <span class='ocrx_word' id='word_1_164' title='bbox 1478 2271 1609 2336; x_wconf 91' lang='lat' dir='ltr'>unisoni</span> <span class='ocrx_word' id='word_1_165' title='bbox 1631 2279 1747 2336; x_wconf 87' lang='lat' dir='ltr'>cantus</span> 
     </span>
     <span class='ocr_line' id='line_1_20' title="bbox 301 2366 1749 2458; baseline 0.001 -22"><span class='ocrx_word' id='word_1_166' title='bbox 301 2372 530 2436; x_wconf 88' lang='lat' dir='ltr'>desciscerent.</span> <span class='ocrx_word' id='word_1_167' title='bbox 573 2367 723 2432; x_wconf 84' lang='lat' dir='ltr'>Eandem</span> <span class='ocrx_word' id='word_1_168' title='bbox 744 2377 852 2432; x_wconf 87' lang='lat' dir='ltr'>autem</span> <span class='ocrx_word' id='word_1_169' title='bbox 875 2379 989 2434; x_wconf 90' lang='lat' dir='ltr'>cantus</span> <span class='ocrx_word' id='word_1_170' title='bbox 1013 2366 1255 2455; x_wconf 88' lang='lat' dir='ltr'>simplicitatem</span> <span class='ocrx_word' id='word_1_171' title='bbox 1278 2371 1312 2432; x_wconf 92' lang='lat' dir='ltr'>in</span> <span class='ocrx_word' id='word_1_172' title='bbox 1334 2368 1439 2435; x_wconf 88' lang='lat' dir='ltr'>latina</span> <span class='ocrx_word' id='word_1_173' title='bbox 1460 2394 1588 2458; x_wconf 91' lang='lat' dir='ltr'>quoque</span> <span class='ocrx_word' id='word_1_174' title='bbox 1610 2371 1749 2439; x_wconf 87' lang='lat' dir='ltr'>ccclesia</span> 
     </span>
     <span class='ocr_line' id='line_1_21' title="bbox 299 2467 1748 2560; baseline 0 -22"><span class='ocrx_word' id='word_1_175' title='bbox 299 2470 469 2560; x_wconf 90' lang='lat' dir='ltr'>usquead</span> <span class='ocrx_word' id='word_1_176' title='bbox 492 2467 723 2534; x_wconf 90' lang='lat' dir='ltr'>duodecimum</span> <span class='ocrx_word' id='word_1_177' title='bbox 754 2467 920 2534; x_wconf 88' lang='lat' dir='ltr'>saeculum</span> <span class='ocrx_word' id='word_1_178' title='bbox 950 2471 1097 2554; x_wconf 89' lang='lat' dir='ltr'>viguisse</span> <span class='ocrx_word' id='word_1_179' title='bbox 1124 2491 1183 2534; x_wconf 90' lang='grc'>000</span> <span class='ocrx_word' id='word_1_180' title='bbox 1211 2473 1398 2536; x_wconf 88' lang='lat' dir='ltr'>etiamnunc</span> <span class='ocrx_word' id='word_1_181' title='bbox 1424 2495 1559 2559; x_wconf 87' lang='lat' dir='ltr'>prorsus</span> <span class='ocrx_word' id='word_1_182' title='bbox 1587 2474 1748 2540; x_wconf 90' lang='lat' dir='ltr'>abiectam</span> 
     </span>
     <span class='ocr_line' id='line_1_22' title="bbox 300 2571 1748 2662; baseline 0.001 -22"><span class='ocrx_word' id='word_1_183' title='bbox 300 2597 372 2640; x_wconf 90' lang='lat' dir='ltr'>esse</span> <span class='ocrx_word' id='word_1_184' title='bbox 394 2575 479 2638; x_wconf 90' lang='lat' dir='ltr'>inter</span> <span class='ocrx_word' id='word_1_185' title='bbox 501 2593 613 2636; x_wconf 88' lang='grc'><strong>010000</strong></span> <span class='ocrx_word' id='word_1_186' title='bbox 637 2581 776 2636; x_wconf 89' lang='lat' dir='ltr'>constat.</span> <span class='ocrx_word' id='word_1_187' title='bbox 821 2571 902 2636; x_wconf 86' lang='lat' dir='ltr'>Cum</span> <span class='ocrx_word' id='word_1_188' title='bbox 925 2572 1063 2637; x_wconf 91' lang='lat' dir='ltr'>unisono</span> <span class='ocrx_word' id='word_1_189' title='bbox 1085 2582 1182 2637; x_wconf 91' lang='lat' dir='ltr'>cantu</span> <span class='ocrx_word' id='word_1_190' title='bbox 1198 2582 1308 2638; x_wconf 89' lang='lat' dir='ltr'>autem</span> <span class='ocrx_word' id='word_1_191' title='bbox 1330 2573 1413 2638; x_wconf 89' lang='lat' dir='ltr'>illud</span> <span class='ocrx_word' id='word_1_192' title='bbox 1435 2595 1563 2662; x_wconf 89' lang='lat' dir='ltr'>quoque</span> <span class='ocrx_word' id='word_1_193' title='bbox 1586 2575 1748 2657; x_wconf 86' lang='lat' dir='ltr'>cohaeret,</span> 
     </span>
     <span class='ocr_line' id='line_1_23' title="bbox 300 2671 1750 2763; baseline -0.001 -22"><span class='ocrx_word' id='word_1_194' title='bbox 300 2674 386 2763; x_wconf 90' lang='lat' dir='ltr'>quod</span> <span class='ocrx_word' id='word_1_195' title='bbox 410 2672 592 2762; x_wconf 89' lang='lat' dir='ltr'>puellarum</span> <span class='ocrx_word' id='word_1_196' title='bbox 615 2671 852 2760; x_wconf 86' lang='lat' dir='ltr'>mulierumque</span> <span class='ocrx_word' id='word_1_197' title='bbox 874 2694 971 2739; x_wconf 94' lang='grc'><strong>00000</strong></span> <span class='ocrx_word' id='word_1_198' title='bbox 995 2675 1139 2739; x_wconf 87' lang='lat' dir='ltr'>virorum</span> <span class='ocrx_word' id='word_1_199' title='bbox 1154 2675 1265 2739; x_wconf 90' lang='lat' dir='ltr'>cantui</span> <span class='ocrx_word' id='word_1_200' title='bbox 1279 2697 1345 2740; x_wconf 91' lang='lat' dir='ltr'>non</span> <span class='ocrx_word' id='word_1_201' title='bbox 1359 2676 1590 2742; x_wconf 88' lang='lat' dir='ltr'>admiscentur.</span> <span class='ocrx_word' id='word_1_202' title='bbox 1628 2677 1750 2758; x_wconf 78' lang='lat' dir='ltr'>Quam·</span> 
     </span>
     <span class='ocr_line' id='line_1_24' title="bbox 300 2775 1749 2864; baseline 0 -21"><span class='ocrx_word' id='word_1_203' title='bbox 300 2800 399 2864; x_wconf 90' lang='lat' dir='ltr'>quam</span> <span class='ocrx_word' id='word_1_204' title='bbox 420 2779 453 2841; x_wconf 92' lang='lat' dir='ltr'>in</span> <span class='ocrx_word' id='word_1_205' title='bbox 476 2775 756 2861; x_wconf 80' lang='lat' dir='ltr'>Therapeutarum</span> <span class='ocrx_word' id='word_1_206' title='bbox 779 2775 925 2842; x_wconf 87' lang='lat' dir='ltr'>coetibus</span> <span class='ocrx_word' id='word_1_207' title='bbox 947 2797 1046 2840; x_wconf 91' lang='lat' dir='ltr'>unum</span> <span class='ocrx_word' id='word_1_208' title='bbox 1069 2775 1203 2840; x_wconf 90' lang='lat' dir='ltr'>chorum</span> <span class='ocrx_word' id='word_1_209' title='bbox 1225 2776 1387 2859; x_wconf 88' lang='lat' dir='ltr'>virorum,</span> <span class='ocrx_word' id='word_1_210' title='bbox 1414 2778 1554 2844; x_wconf 90' lang='lat' dir='ltr'>alterum</span> <span class='ocrx_word' id='word_1_211' title='bbox 1575 2778 1749 2844; x_wconf 90' lang='lat' dir='ltr'>mulierum</span> 
     </span>
     <span class='ocr_line' id='line_1_25' title="bbox 301 2876 1749 2965; baseline 0.001 -21"><span class='ocrx_word' id='word_1_212' title='bbox 301 2879 405 2944; x_wconf 91' lang='lat' dir='ltr'>fuisse</span> <span class='ocrx_word' id='word_1_213' title='bbox 433 2876 528 2942; x_wconf 92' lang='lat' dir='ltr'>Philo</span> <span class='ocrx_word' id='word_1_214' title='bbox 551 2877 602 2942; x_wconf 89' lang='lat' dir='ltr'>De</span> <span class='ocrx_word' id='word_1_215' title='bbox 630 2878 701 2942; x_wconf 90' lang='grc'><strong>0110</strong></span> <span class='ocrx_word' id='word_1_216' title='bbox 728 2877 902 2965; x_wconf 89' lang='lat' dir='ltr'>contempl.</span> <span class='ocrx_word' id='word_1_217' title='bbox 926 2900 957 2962; x_wconf 91' lang='lat' dir='ltr'>p.</span> <span class='ocrx_word' id='word_1_218' title='bbox 980 2877 1043 2941; x_wconf 87' lang='grc'>902</span> <span class='ocrx_word' id='word_1_219' title='bbox 1065 2877 1116 2942; x_wconf 92' lang='lat' dir='ltr'>ed.</span> <span class='ocrx_word' id='word_1_220' title='bbox 1145 2877 1220 2942; x_wconf 91' lang='lat' dir='ltr'>Par.</span> <span class='ocrx_word' id='word_1_221' title='bbox 1242 2899 1271 2942; x_wconf 97' lang='grc'>0.</span> <span class='ocrx_word' id='word_1_222' title='bbox 1296 2878 1379 2942; x_wconf 89' lang='grc'><strong>1640</strong></span> <span class='ocrx_word' id='word_1_223' title='bbox 1407 2879 1535 2964; x_wconf 67' lang='grc'><strong>10101110</strong></span> <span class='ocrx_word' id='word_1_224' title='bbox 1572 2903 1686 2947; x_wconf 89' lang='lat' dir='ltr'>verum</span> <span class='ocrx_word' id='word_1_225' title='bbox 1713 2883 1749 2946; x_wconf 91' lang='lat' dir='ltr'>in</span> 
     </span>
     <span class='ocr_line' id='line_1_26' title="bbox 301 2978 1748 3069; baseline 0.002 -24"><span class='ocrx_word' id='word_1_226' title='bbox 301 3001 423 3046; x_wconf 89' lang='lat' dir='ltr'>canone</span> <span class='ocrx_word' id='word_1_227' title='bbox 447 2979 550 3044; x_wconf 89' lang='lat' dir='ltr'>XVII</span> <span class='ocrx_word' id='word_1_228' title='bbox 572 2978 700 3044; x_wconf 89' lang='lat' dir='ltr'>concilii</span> <span class='ocrx_word' id='word_1_229' title='bbox 716 2979 927 3044; x_wconf 88' lang='lat' dir='ltr'>Laodicensis</span> <span class='ocrx_word' id='word_1_230' title='bbox 952 2978 1048 3045; x_wconf 91' lang='lat' dir='ltr'>modo</span> <span class='ocrx_word' id='word_1_231' title='bbox 1072 2978 1207 3045; x_wconf 89' lang='lat' dir='ltr'>laudato</span> <span class='ocrx_word' id='word_1_232' title='bbox 1229 2990 1390 3064; x_wconf 88' lang='lat' dir='ltr'>cantores,</span> <span class='ocrx_word' id='word_1_233' title='bbox 1413 3004 1519 3069; x_wconf 91' lang='lat' dir='ltr'>neque</span> <span class='ocrx_word' id='word_1_234' title='bbox 1541 2992 1650 3047; x_wconf 84' lang='grc'><strong>101000</strong></span> <span class='ocrx_word' id='word_1_235' title='bbox 1673 3005 1748 3048; x_wconf 91' lang='lat' dir='ltr'>can·</span> 
     </span>
     <span class='ocr_line' id='line_1_27' title="bbox 300 3084 725 3148; baseline -0.007 -1"><span class='ocrx_word' id='word_1_236' title='bbox 300 3084 398 3148; x_wconf 87' lang='lat' dir='ltr'>trices</span> <span class='ocrx_word' id='word_1_237' title='bbox 420 3092 725 3148; x_wconf 89' lang='lat' dir='ltr'>commemorantur.</span> 
     </span>
    </p>

    <p class='ocr_par' dir='ltr' id='par_1_5' title="bbox 302 3182 1755 4899">
     <span class='ocr_line' id='line_1_28' title="bbox 386 3182 1748 3272; baseline 0.001 -23"><span class='ocrx_word' id='word_1_238' title='bbox 386 3184 564 3249; x_wconf 81' lang='lat' dir='ltr'>(lautorum</span> <span class='ocrx_word' id='word_1_239' title='bbox 588 3183 678 3249; x_wconf 92' lang='lat' dir='ltr'>modi</span> <span class='ocrx_word' id='word_1_240' title='bbox 700 3184 762 3269; x_wconf 90' lang='lat' dir='ltr'>ipsi</span> <span class='ocrx_word' id='word_1_241' title='bbox 785 3184 1021 3270; x_wconf 86' lang='lat' dir='ltr'>antiquissimis</span> <span class='ocrx_word' id='word_1_242' title='bbox 1043 3182 1245 3269; x_wconf 88' lang='lat' dir='ltr'>temporibus</span> <span class='ocrx_word' id='word_1_243' title='bbox 1269 3182 1504 3272; x_wconf 88' lang='lat' dir='ltr'>simplicissimi</span> <span class='ocrx_word' id='word_1_244' title='bbox 1517 3185 1620 3252; x_wconf 86' lang='lat' dir='ltr'>fuisse</span> <span class='ocrx_word' id='word_1_245' title='bbox 1635 3186 1748 3253; x_wconf 87' lang='lat' dir='ltr'>viden-</span> 
     </span>
     <span class='ocr_line' id='line_1_29' title="bbox 304 3284 1748 3374; baseline 0.001 -23"><span class='ocrx_word' id='word_1_246' title='bbox 304 3296 371 3370; x_wconf 82' lang='lat' dir='ltr'>tur3</span> <span class='ocrx_word' id='word_1_247' title='bbox 394 3285 508 3350; x_wconf 93' lang='lat' dir='ltr'>sedulo</span> <span class='ocrx_word' id='word_1_248' title='bbox 532 3285 802 3365; x_wconf 85' lang='grc'><strong>0011000001001,</strong></span> <span class='ocrx_word' id='word_1_249' title='bbox 826 3307 867 3350; x_wconf 94' lang='lat' dir='ltr'>ne</span> <span class='ocrx_word' id='word_1_250' title='bbox 883 3285 1053 3351; x_wconf 90' lang='lat' dir='ltr'>modorum</span> <span class='ocrx_word' id='word_1_251' title='bbox 1069 3284 1242 3373; x_wconf 88' lang='lat' dir='ltr'>dulcedine</span> <span class='ocrx_word' id='word_1_252' title='bbox 1257 3294 1290 3350; x_wconf 90' lang='lat' dir='ltr'>et</span> <span class='ocrx_word' id='word_1_253' title='bbox 1305 3286 1464 3351; x_wconf 89' lang='lat' dir='ltr'>varietate</span> <span class='ocrx_word' id='word_1_254' title='bbox 1480 3287 1627 3353; x_wconf 88' lang='lat' dir='ltr'>homines</span> <span class='ocrx_word' id='word_1_255' title='bbox 1642 3290 1748 3374; x_wconf 87' lang='lat' dir='ltr'>magis</span> 
     </span>
     <span class='ocr_line' id='line_1_30' title="bbox 302 3387 1751 3477; baseline 0 -25"><span class='ocrx_word' id='word_1_256' title='bbox 302 3389 595 3475; x_wconf 89' lang='lat' dir='ltr'>permulcerentur,</span> <span class='ocrx_word' id='word_1_257' title='bbox 619 3409 715 3473; x_wconf 90' lang='lat' dir='ltr'>quam</span> <span class='ocrx_word' id='word_1_258' title='bbox 737 3409 845 3452; x_wconf 89' lang='lat' dir='ltr'>rerum</span> <span class='ocrx_word' id='word_1_259' title='bbox 868 3387 1031 3473; x_wconf 87' lang='lat' dir='ltr'>gravitate</span> <span class='ocrx_word' id='word_1_260' title='bbox 1053 3397 1344 3452; x_wconf 88' lang='lat' dir='ltr'>commoverentur.</span> <span class='ocrx_word' id='word_1_261' title='bbox 1389 3387 1502 3473; x_wconf 90' lang='lat' dir='ltr'>Neque</span> <span class='ocrx_word' id='word_1_262' title='bbox 1525 3387 1671 3471; x_wconf 86' lang='lat' dir='ltr'>deerant,</span> <span class='ocrx_word' id='word_1_263' title='bbox 1694 3390 1751 3477; x_wconf 90' lang='lat' dir='ltr'>qui</span> 
     </span>
     <span class='ocr_line' id='line_1_31' title="bbox 302 3487 1749 3574; baseline 0 -19"><span class='ocrx_word' id='word_1_264' title='bbox 302 3512 413 3556; x_wconf 88' lang='grc'><strong>010000</strong></span> <span class='ocrx_word' id='word_1_265' title='bbox 446 3487 682 3555; x_wconf 90' lang='lat' dir='ltr'>cantilenarum</span> <span class='ocrx_word' id='word_1_266' title='bbox 713 3488 913 3574; x_wconf 89' lang='lat' dir='ltr'>pellecebras</span> <span class='ocrx_word' id='word_1_267' title='bbox 945 3511 965 3552; x_wconf 93' lang='lat' dir='ltr'>a</span> <span class='ocrx_word' id='word_1_268' title='bbox 995 3487 1171 3552; x_wconf 85' lang='lat' dir='ltr'>severitate</span> <span class='ocrx_word' id='word_1_269' title='bbox 1204 3497 1238 3553; x_wconf 89' lang='lat' dir='ltr'>et</span> <span class='ocrx_word' id='word_1_270' title='bbox 1274 3488 1466 3554; x_wconf 88' lang='lat' dir='ltr'>austeritate</span> <span class='ocrx_word' id='word_1_271' title='bbox 1499 3489 1749 3557; x_wconf 89' lang='lat' dir='ltr'>christianorum</span> 
     </span>
     <span class='ocr_line' id='line_1_32' title="bbox 303 3590 1750 3677; baseline -0.001 -21"><span class='ocrx_word' id='word_1_272' title='bbox 303 3614 429 3656; x_wconf 91' lang='lat' dir='ltr'>morum</span> <span class='ocrx_word' id='word_1_273' title='bbox 441 3590 565 3656; x_wconf 87' lang='lat' dir='ltr'>alienas</span> <span class='ocrx_word' id='word_1_274' title='bbox 579 3613 651 3656; x_wconf 88' lang='lat' dir='ltr'>ease</span> <span class='ocrx_word' id='word_1_275' title='bbox 663 3593 887 3676; x_wconf 88' lang='lat' dir='ltr'>opinarentur.</span> <span class='ocrx_word' id='word_1_276' title='bbox 912 3590 1019 3654; x_wconf 88' lang='lat' dir='ltr'>Huius</span> <span class='ocrx_word' id='word_1_277' title='bbox 1031 3590 1078 3654; x_wconf 93' lang='lat' dir='ltr'>rei</span> <span class='ocrx_word' id='word_1_278' title='bbox 1088 3590 1273 3654; x_wconf 91' lang='lat' dir='ltr'>testimonia</span> <span class='ocrx_word' id='word_1_279' title='bbox 1290 3612 1390 3677; x_wconf 89' lang='lat' dir='ltr'>supra</span> <span class='ocrx_word' id='word_1_280' title='bbox 1401 3614 1432 3676; x_wconf 93' lang='lat' dir='ltr'>p.</span> <span class='ocrx_word' id='word_1_281' title='bbox 1446 3591 1551 3655; x_wconf 87' lang='lat' dir='ltr'>XXX</span> <span class='ocrx_word' id='word_1_282' title='bbox 1573 3592 1750 3658; x_wconf 89' lang='lat' dir='ltr'>Pambcnis</span> 
     </span>
     <span class='ocr_line' id='line_1_33' title="bbox 303 3688 1750 3779; baseline 0 -21"><span class='ocrx_word' id='word_1_283' title='bbox 303 3703 337 3758; x_wconf 90' lang='lat' dir='ltr'>et</span> <span class='ocrx_word' id='word_1_284' title='bbox 358 3691 425 3756; x_wconf 87' lang='lat' dir='ltr'>Nili</span> <span class='ocrx_word' id='word_1_285' title='bbox 440 3690 602 3756; x_wconf 87' lang='lat' dir='ltr'>abbatum·</span> <span class='ocrx_word' id='word_1_286' title='bbox 619 3690 728 3756; x_wconf 89' lang='lat' dir='ltr'>edicta</span> <span class='ocrx_word' id='word_1_287' title='bbox 749 3691 938 3772; x_wconf 90' lang='lat' dir='ltr'>attulimus,</span> <span class='ocrx_word' id='word_1_288' title='bbox 961 3690 1048 3756; x_wconf 91' lang='lat' dir='ltr'>idem</span> <span class='ocrx_word' id='word_1_289' title='bbox 1063 3712 1142 3755; x_wconf 88' lang='lat' dir='ltr'>vero</span> <span class='ocrx_word' id='word_1_290' title='bbox 1164 3688 1436 3776; x_wconf 89' lang='lat' dir='ltr'>locupletissimus</span> <span class='ocrx_word' id='word_1_291' title='bbox 1457 3705 1571 3758; x_wconf 89' lang='lat' dir='ltr'>auctor</span> <span class='ocrx_word' id='word_1_292' title='bbox 1586 3695 1619 3759; x_wconf 82' lang='lat' dir='ltr'>S.</span> <span class='ocrx_word' id='word_1_293' title='bbox 1637 3696 1750 3779; x_wconf 87' lang='lat' dir='ltr'>Augu-</span> 
     </span>
     <span class='ocr_line' id='line_1_34' title="bbox 305 3791 1751 3878; baseline 0.002 -22"><span class='ocrx_word' id='word_1_294' title='bbox 305 3795 413 3858; x_wconf 88' lang='lat' dir='ltr'>stinus</span> <span class='ocrx_word' id='word_1_295' title='bbox 435 3793 469 3856; x_wconf 92' lang='lat' dir='ltr'>in</span> <span class='ocrx_word' id='word_1_296' title='bbox 492 3791 642 3858; x_wconf 83' lang='lat' dir='ltr'>Confess.</span> <span class='ocrx_word' id='word_1_297' title='bbox 666 3791 708 3872; x_wconf 90' lang='lat' dir='ltr'>X,</span> <span class='ocrx_word' id='word_1_298' title='bbox 731 3793 773 3856; x_wconf 89' lang='lat'>33</span> <span class='ocrx_word' id='word_1_299' title='bbox 795 3792 846 3856; x_wconf 89' lang='lat' dir='ltr'>his</span> <span class='ocrx_word' id='word_1_300' title='bbox 870 3795 979 3858; x_wconf 89' lang='lat' dir='ltr'>verbis</span> <span class='ocrx_word' id='word_1_301' title='bbox 1003 3793 1218 3878; x_wconf 89' lang='lat' dir='ltr'>significavit:</span> <span class='ocrx_word' id='word_1_302' title='bbox 1243 3792 1425 3858; x_wconf 81' lang='lat' dir='ltr'>‘interdum</span> <span class='ocrx_word' id='word_1_303' title='bbox 1448 3795 1550 3862; x_wconf 90' lang='lat' dir='ltr'>melos</span> <span class='ocrx_word' id='word_1_304' title='bbox 1566 3819 1660 3861; x_wconf 91' lang='lat' dir='ltr'>omne</span> <span class='ocrx_word' id='word_1_305' title='bbox 1676 3817 1751 3860; x_wconf 88' lang='lat' dir='ltr'>can·</span> 
     </span>
     <span class='ocr_line' id='line_1_35' title="bbox 304 3893 1751 3982; baseline 0.003 -24"><span class='ocrx_word' id='word_1_306' title='bbox 304 3894 476 3958; x_wconf 89' lang='lat' dir='ltr'>tilenarum</span> <span class='ocrx_word' id='word_1_307' title='bbox 500 3893 664 3974; x_wconf 86' lang='lat' dir='ltr'>suavium,</span> <span class='ocrx_word' id='word_1_308' title='bbox 692 3893 811 3978; x_wconf 91' lang='lat' dir='ltr'>quibus</span> <span class='ocrx_word' id='word_1_309' title='bbox 834 3894 1032 3959; x_wconf 89' lang='lat' dir='ltr'>Davidicum</span> <span class='ocrx_word' id='word_1_310' title='bbox 1060 3893 1251 3981; x_wconf 90' lang='lat' dir='ltr'>psalterium</span> <span class='ocrx_word' id='word_1_311' title='bbox 1279 3893 1521 3982; x_wconf 82' lang='lat' dir='ltr'>frequentatur,</span> <span class='ocrx_word' id='word_1_312' title='bbox 1550 3898 1593 3962; x_wconf 88' lang='lat' dir='ltr'>ab</span> <span class='ocrx_word' id='word_1_313' title='bbox 1614 3899 1751 3963; x_wconf 90' lang='lat' dir='ltr'>auribus</span> 
     </span>
     <span class='ocr_line' id='line_1_36' title="bbox 305 3992 1752 4086; baseline 0.002 -27"><span class='ocrx_word' id='word_1_314' title='bbox 305 3997 386 4060; x_wconf 89' lang='lat' dir='ltr'>meis</span> <span class='ocrx_word' id='word_1_315' title='bbox 409 3995 569 4058; x_wconf 89' lang='lat' dir='ltr'>removeri</span> <span class='ocrx_word' id='word_1_316' title='bbox 591 3992 691 4059; x_wconf 91' lang='lat' dir='ltr'>velim</span> <span class='ocrx_word' id='word_1_317' title='bbox 712 4004 811 4081; x_wconf 90' lang='lat' dir='ltr'>atque</span> <span class='ocrx_word' id='word_1_318' title='bbox 832 3996 935 4083; x_wconf 89' lang='lat' dir='ltr'>ipsius</span> <span class='ocrx_word' id='word_1_319' title='bbox 959 3996 1130 4076; x_wconf 89' lang='lat' dir='ltr'>ecclesiae,</span> <span class='ocrx_word' id='word_1_320' title='bbox 1153 3995 1322 4084; x_wconf 92' lang='lat' dir='ltr'>tutiusque</span> <span class='ocrx_word' id='word_1_321' title='bbox 1342 3999 1422 4062; x_wconf 89' lang='lat' dir='ltr'>mihi</span> <span class='ocrx_word' id='word_1_322' title='bbox 1437 3998 1583 4080; x_wconf 89' lang='lat' dir='ltr'>videtur,</span> <span class='ocrx_word' id='word_1_323' title='bbox 1607 3999 1694 4086; x_wconf 91' lang='lat' dir='ltr'>quod</span> <span class='ocrx_word' id='word_1_324' title='bbox 1709 3998 1752 4062; x_wconf 92' lang='lat' dir='ltr'>de</span> 
     </span>
     <span class='ocr_line' id='line_1_37' title="bbox 305 4095 1752 4188; baseline 0.002 -27"><span class='ocrx_word' id='word_1_325' title='bbox 305 4095 534 4162; x_wconf 85' lang='lat' dir='ltr'>Alexandrino</span> <span class='ocrx_word' id='word_1_326' title='bbox 564 4098 716 4185; x_wconf 89' lang='lat' dir='ltr'>episcopo</span> <span class='ocrx_word' id='word_1_327' title='bbox 744 4096 926 4162; x_wconf 88' lang='lat' dir='ltr'>Athanasio</span> <span class='ocrx_word' id='word_1_328' title='bbox 954 4120 1051 4185; x_wconf 88' lang='lat' dir='ltr'>saepe</span> <span class='ocrx_word' id='word_1_329' title='bbox 1078 4098 1158 4161; x_wconf 90' lang='lat' dir='ltr'>mihi</span> <span class='ocrx_word' id='word_1_330' title='bbox 1187 4097 1310 4162; x_wconf 89' lang='lat' dir='ltr'>dictum</span> <span class='ocrx_word' id='word_1_331' title='bbox 1343 4100 1565 4183; x_wconf 88' lang='lat' dir='ltr'>commemini,</span> <span class='ocrx_word' id='word_1_332' title='bbox 1599 4102 1654 4188; x_wconf 90' lang='lat' dir='ltr'>qui</span> <span class='ocrx_word' id='word_1_333' title='bbox 1684 4111 1752 4165; x_wconf 89' lang='lat' dir='ltr'>tam</span> 
     </span>
     <span class='ocr_line' id='line_1_38' title="bbox 306 4197 1753 4286; baseline 0.002 -23"><span class='ocrx_word' id='word_1_334' title='bbox 306 4199 436 4264; x_wconf 90' lang='lat' dir='ltr'>modico</span> <span class='ocrx_word' id='word_1_335' title='bbox 458 4197 547 4263; x_wconf 82' lang='lat' dir='ltr'>flexu</span> <span class='ocrx_word' id='word_1_336' title='bbox 570 4199 660 4264; x_wconf 91' lang='lat' dir='ltr'>vocis</span> <span class='ocrx_word' id='word_1_337' title='bbox 683 4197 827 4264; x_wconf 88' lang='lat' dir='ltr'>faciebat</span> <span class='ocrx_word' id='word_1_338' title='bbox 850 4221 967 4264; x_wconf 90' lang='lat' dir='ltr'>sonare</span> <span class='ocrx_word' id='word_1_339' title='bbox 990 4199 1142 4264; x_wconf 88' lang='lat' dir='ltr'>lectorem</span> <span class='ocrx_word' id='word_1_340' title='bbox 1163 4198 1296 4286; x_wconf 88' lang='lat' dir='ltr'>psalmi,</span> <span class='ocrx_word' id='word_1_341' title='bbox 1318 4210 1356 4264; x_wconf 91' lang='lat' dir='ltr'>ut</span> <span class='ocrx_word' id='word_1_342' title='bbox 1370 4203 1593 4286; x_wconf 87' lang='lat' dir='ltr'>pronuntianti</span> <span class='ocrx_word' id='word_1_343' title='bbox 1614 4203 1753 4268; x_wconf 83' lang='lat' dir='ltr'>vicinior</span> 
     </span>
     <span class='ocr_line' id='line_1_39' title="bbox 305 4299 1752 4389; baseline 0.001 -23"><span class='ocrx_word' id='word_1_344' title='bbox 305 4311 392 4366; x_wconf 88' lang='lat' dir='ltr'>esset</span> <span class='ocrx_word' id='word_1_345' title='bbox 427 4321 525 4387; x_wconf 88' lang='lat' dir='ltr'>quam</span> <span class='ocrx_word' id='word_1_346' title='bbox 547 4301 702 4370; x_wconf 71' lang='lat' dir='ltr'>canenti!</span> <span class='ocrx_word' id='word_1_347' title='bbox 746 4301 860 4388; x_wconf 90' lang='lat' dir='ltr'>Neque</span> <span class='ocrx_word' id='word_1_348' title='bbox 893 4325 957 4367; x_wconf 92' lang='lat' dir='ltr'>non</span> <span class='ocrx_word' id='word_1_349' title='bbox 991 4299 1128 4366; x_wconf 85' lang='lat' dir='ltr'>concilio</span> <span class='ocrx_word' id='word_1_350' title='bbox 1162 4300 1381 4366; x_wconf 88' lang='lat' dir='ltr'>ecclesiastico</span> <span class='ocrx_word' id='word_1_351' title='bbox 1410 4326 1439 4366; x_wconf 89' lang='lat' dir='ltr'>a.</span> <span class='ocrx_word' id='word_1_352' title='bbox 1462 4304 1525 4368; x_wconf 84' lang='lat'>692</span> <span class='ocrx_word' id='word_1_353' title='bbox 1553 4313 1752 4389; x_wconf 86' lang='lat' dir='ltr'>congregato</span> 
     </span>
     <span class='ocr_line' id='line_1_40' title="bbox 305 4399 1753 4489; baseline 0.004 -24"><span class='ocrx_word' id='word_1_354' title='bbox 305 4425 377 4466; x_wconf 88' lang='lat' dir='ltr'>ran.</span> <span class='ocrx_word' id='word_1_355' title='bbox 400 4399 532 4466; x_wconf 89' lang='lat' dir='ltr'>LXXV</span> <span class='ocrx_word' id='word_1_356' title='bbox 560 4403 728 4487; x_wconf 84' lang='lat' dir='ltr'>provisum</span> <span class='ocrx_word' id='word_1_357' title='bbox 757 4413 823 4486; x_wconf 90' lang='lat' dir='ltr'>est,</span> <span class='ocrx_word' id='word_1_358' title='bbox 856 4412 893 4468; x_wconf 92' lang='lat' dir='ltr'>ut</span> <span class='ocrx_word' id='word_1_359' title='bbox 919 4425 960 4466; x_wconf 91' lang='lat' dir='ltr'>ne</span> <span class='ocrx_word' id='word_1_360' title='bbox 987 4412 1137 4468; x_wconf 85' lang='lat' dir='ltr'>cantores</span> <span class='ocrx_word' id='word_1_361' title='bbox 1165 4403 1299 4489; x_wconf 92' lang='lat' dir='ltr'>pudoris</span> <span class='ocrx_word' id='word_1_362' title='bbox 1328 4413 1361 4468; x_wconf 87' lang='lat' dir='ltr'>et</span> <span class='ocrx_word' id='word_1_363' title='bbox 1388 4405 1568 4470; x_wconf 89' lang='lat' dir='ltr'>modestiae</span> <span class='ocrx_word' id='word_1_364' title='bbox 1595 4407 1753 4471; x_wconf 84' lang='lat' dir='ltr'>terminos</span> 
     </span>
     <span class='ocr_line' id='line_1_41' title="bbox 305 4503 1753 4590; baseline 0.003 -22"><span class='ocrx_word' id='word_1_365' title='bbox 305 4503 554 4589; x_wconf 89' lang='lat' dir='ltr'>egrederentur:</span> <span class='ocrx_word' id='word_1_366' title='bbox 590 4505 668 4570; x_wconf 85' lang='grc' dir='ltr'>τοὺς</span> <span class='ocrx_word' id='word_1_367' title='bbox 696 4505 749 4568; x_wconf 84' lang='grc' dir='ltr'>ἐπὶ</span> <span class='ocrx_word' id='word_1_368' title='bbox 771 4511 817 4590; x_wconf 83' lang='grc' dir='ltr'>τῷ</span> <span class='ocrx_word' id='word_1_369' title='bbox 840 4505 978 4585; x_wconf 78' lang='grc' dir='ltr'>ψάλλειν</span> <span class='ocrx_word' id='word_1_370' title='bbox 1001 4505 1037 4569; x_wconf 88' lang='grc' dir='ltr'>ἐν</span> <span class='ocrx_word' id='word_1_371' title='bbox 1059 4507 1126 4570; x_wconf 86' lang='grc' dir='ltr'>ταῖς</span> <span class='ocrx_word' id='word_1_372' title='bbox 1148 4506 1322 4584; x_wconf 79' lang='grc' dir='ltr'>ἐκκληςίαι(</span> <span class='ocrx_word' id='word_1_373' title='bbox 1335 4507 1613 4587; x_wconf 82' lang='grc' dir='ltr'>παραγινομένους</span> <span class='ocrx_word' id='word_1_374' title='bbox 1637 4508 1753 4588; x_wconf 89' lang='grc' dir='ltr'>βουλό-</span> 
     </span>
     <span class='ocr_line' id='line_1_42' title="bbox 305 4604 1752 4693; baseline 0.003 -23"><span class='ocrx_word' id='word_1_375' title='bbox 305 4611 385 4684; x_wconf 86' lang='grc' dir='ltr'>μεθα</span> <span class='ocrx_word' id='word_1_376' title='bbox 406 4607 482 4685; x_wconf 88' lang='grc' dir='ltr'>μήτε</span> <span class='ocrx_word' id='word_1_377' title='bbox 506 4607 595 4685; x_wconf 82' lang='grc' dir='ltr'>βοαῖς</span> <span class='ocrx_word' id='word_1_378' title='bbox 618 4604 765 4671; x_wconf 83' lang='grc' dir='ltr'>ἀτάκτοις</span> <span class='ocrx_word' id='word_1_379' title='bbox 788 4609 919 4685; x_wconf 88' lang='grc' dir='ltr'>χρῆςθαι</span> <span class='ocrx_word' id='word_1_380' title='bbox 941 4606 1017 4686; x_wconf 89' lang='grc' dir='ltr'>μήτε</span> <span class='ocrx_word' id='word_1_381' title='bbox 1039 4627 1068 4671; x_wconf 89' lang='grc' dir='ltr'>τι</span> <span class='ocrx_word' id='word_1_382' title='bbox 1091 4605 1247 4683; x_wconf 83' lang='grc' dir='ltr'>ἐπιλέγειν</span> <span class='ocrx_word' id='word_1_383' title='bbox 1270 4614 1336 4674; x_wconf 81' lang='grc' dir='ltr'>τῶν</span> <span class='ocrx_word' id='word_1_384' title='bbox 1365 4611 1405 4688; x_wconf 87' lang='grc' dir='ltr'>μὴ</span> <span class='ocrx_word' id='word_1_385' title='bbox 1428 4609 1464 4674; x_wconf 88' lang='grc' dir='ltr'>ἐν</span> <span class='ocrx_word' id='word_1_386' title='bbox 1486 4608 1630 4693; x_wconf 85' lang='grc' dir='ltr'>ἐκκληςίᾳ</span> <span class='ocrx_word' id='word_1_387' title='bbox 1651 4609 1752 4691; x_wconf 87' lang='grc' dir='ltr'>ἁρμο-</span> 
     </span>
     <span class='ocr_line' id='line_1_43' title="bbox 307 4705 1755 4792; baseline 0.003 -20"><span class='ocrx_word' id='word_1_388' title='bbox 307 4708 385 4772; x_wconf 81' lang='grc' dir='ltr'>δίων</span> <span class='ocrx_word' id='word_1_389' title='bbox 407 4727 441 4772; x_wconf 92' lang='grc' dir='ltr'>τε</span> <span class='ocrx_word' id='word_1_390' title='bbox 464 4707 516 4771; x_wconf 89' lang='grc' dir='ltr'>καλ</span> <span class='ocrx_word' id='word_1_391' title='bbox 537 4706 672 4773; x_wconf 82' lang='grc' dir='ltr'>οἰκείων.</span> <span class='ocrx_word' id='word_1_392' title='bbox 716 4705 811 4769; x_wconf 90' lang='lat' dir='ltr'>Hanc</span> <span class='ocrx_word' id='word_1_393' title='bbox 833 4715 941 4771; x_wconf 89' lang='lat' dir='ltr'>autem</span> <span class='ocrx_word' id='word_1_394' title='bbox 963 4728 1108 4771; x_wconf 89' lang='lat' dir='ltr'>normam</span> <span class='ocrx_word' id='word_1_395' title='bbox 1125 4707 1238 4792; x_wconf 89' lang='lat' dir='ltr'>procul</span> <span class='ocrx_word' id='word_1_396' title='bbox 1254 4708 1354 4774; x_wconf 89' lang='lat' dir='ltr'>dubio</span> <span class='ocrx_word' id='word_1_397' title='bbox 1375 4710 1492 4772; x_wconf 87' lang='grc'><strong>0010101</strong></span> <span class='ocrx_word' id='word_1_398' title='bbox 1508 4709 1628 4775; x_wconf 89' lang='lat' dir='ltr'>melodi</span> <span class='ocrx_word' id='word_1_399' title='bbox 1643 4711 1755 4776; x_wconf 87' lang='lat' dir='ltr'>octavi</span> 
     </span>
     <span class='ocr_line' id='line_1_44' title="bbox 307 4805 1755 4899; baseline 0.006 -29"><span class='ocrx_word' id='word_1_400' title='bbox 307 4805 442 4886; x_wconf 83' lang='lat' dir='ltr'>saeculi,</span> <span class='ocrx_word' id='word_1_401' title='bbox 468 4805 608 4872; x_wconf 89' lang='lat' dir='ltr'>loannes</span> <span class='ocrx_word' id='word_1_402' title='bbox 631 4805 855 4871; x_wconf 82' lang='lat' dir='ltr'>Damascenus</span> <span class='ocrx_word' id='word_1_403' title='bbox 878 4818 911 4872; x_wconf 87' lang='lat' dir='ltr'>et</span> <span class='ocrx_word' id='word_1_404' title='bbox 932 4807 1068 4874; x_wconf 79' lang='lat' dir='ltr'>Cosmus</span> <span class='ocrx_word' id='word_1_405' title='bbox 1092 4808 1410 4896; x_wconf 86' lang='lat' dir='ltr'>Hierosolymitanus</span> <span class='ocrx_word' id='word_1_406' title='bbox 1433 4812 1538 4876; x_wconf 88' lang='lat' dir='ltr'>secuti</span> <span class='ocrx_word' id='word_1_407' title='bbox 1560 4821 1651 4894; x_wconf 89' lang='lat' dir='ltr'>sunt,</span> <span class='ocrx_word' id='word_1_408' title='bbox 1674 4834 1755 4899; x_wconf 92' lang='lat' dir='ltr'>quo-</span> 
     </span>
    </p>
   </div>
   <div class='ocr_carea' id='block_1_3' title="bbox 0 0 1954 5480">
    <p class='ocr_par' dir='ltr' id='par_1_6' title="bbox 0 0 1954 5480">
     <span class='ocr_line' id='line_1_45' title="bbox 0 0 1954 5480; baseline 0 0"><span class='ocrx_word' id='word_1_409' title='bbox 0 0 1954 5480; x_wconf 95' lang='lat' dir='ltr'> </span> 
     </span>
    </p>
   </div>
  </div>
 </body>
</html>
