3800 5474
281 324 457 379 ‘LXXXVlll
875 318 1157 374 PROLEGOMENA.

292 469 436 557 rhythmi
458 471 598 549 llcccop.
622 464 674 531 IX
699 490 729 532 v.
754 468 774 530 6
797 468 912 531 tertiae
935 466 1082 552 syllabae
1105 473 1221 530 acutae
1244 465 1276 528 in
1299 462 1459 528 similibus
1481 465 1634 549 tropariis
1658 465 1746 530 duae

295 572 443 658 syllabae
465 569 664 658 respondent

500 707 824 760 ..ii..vel...i.i
843 738 1299 760 ........
1318 704 1361 754 rel
1378 737 1616 756 .......

336 828 464 906 δωρεὰν
487 827 615 905 ἔλαβον.
767 824 812 888 ὼ(
836 827 967 902 κρουνοὶ
991 825 1145 903 titillanti.
1316 823 1366 887 καὶ
1389 825 1506 887 εεπτὸν
1529 823 1700 904 (ύμβολον.

336 931 355 1009 ἡ
379 927 538 1007 ὁμόφρων
561 927 722 1004 (ύεκηνοε.
767 932 804 1008 τῇ
827 927 888 1003 γὰρ
912 927 1013 1000 urica,
1037 926 1183 990 δέεποτα.
1313 925 1346 988 oi
1367 929 1547 1005 προφῆται,
1571 924 1669 1002 κύριε.

296 1063 383 1128 unde
418 1062 605 1148 byzantinis
638 1081 768 1146 quoque
801 1059 1001 1145 temporibus
1035 1061 1186 1156 creticam
1217 1059 1313 1123 basin
1342 1060 1497 1152 ἑξὰεημον
1534 1059 1638 1124 luisse
1671 1082 1746 1124 con-

293 1186 397 1229 ueras.

379 1282 448 1349 Sub
472 1283 569 1348 linem
593 1281 688 1346 huius
711 1281 828 1367 capitis
857 1280 899 1343 de
927 1278 1007 1344 colis
1035 1301 1210 1366 eorumque
1232 1281 1375 1343 numeris
1398 1267 1441 1344 'ut
1463 1303 1622 1344 summam
1646 1304 1745 1368 quae-

294 1386 410 1450 stionis
444 1382 642 1470 complectar
674 1392 706 1446 et
738 1381 856 1467 quibus
885 1402 1094 1446 numerorum
1122 1379 1251 1466 legibus
1278 1383 1425 1446 earmina
1453 1381 1580 1464 illigata
1609 1383 1745 1463 suerint,

295 1488 387 1554 brevi
411 1485 566 1550 definiam
578 1535 587 1567 ,
612 1484 783 1572 byzantini
804 1483 925 1548 melodi
949 1491 981 1547 cl
1003 1492 1152 1547 cantores
1175 1480 1367 1568 scrupulosa
1390 1482 1446 1547 illa
1469 1483 1657 1568 diligentia,
1681 1507 1748 1571 qua

296 1599 423 1654 veteres
447 1588 591 1652 Graecos
616 1587 766 1650 tritorum
782 1607 953 1666 versuum,
978 1597 1013 1648 ut
1028 1583 1210 1649 hexametri
1234 1583 1390 1670 dactylici
1413 1595 1444 1648 et
1467 1587 1646 1650 tetrametri
1668 1608 1745 1650 ana·

295 1689 453 1777 paestici,
493 1689 593 1774 pedes
627 1685 845 1750 dimetiendos
879 1696 912 1750 et
946 1685 1177 1772 exsequendos
1210 1707 1342 1751 curasse
1381 1695 1525 1767 constat,
1567 1696 1679 1773 spreta
1713 1697 1748 1753 et

295 1790 446 1876 neglecta
478 1811 543 1852 non
576 1787 780 1874 rhythmum,
814 1787 879 1858 sed,
906 1787 1052 1872 rhythmi
1086 1787 1249 1873 quandam
1284 1787 1432 1853 umbram
1465 1791 1630 1854 consecuti
1659 1801 1746 1854 sunt.

297 1896 407 1979 Atque
428 1891 511 1955 adeo
534 1911 740 1955 numerorum
763 1897 881 1953 natura
909 1910 964 1953 eos
993 1886 1129 1972 latebat,
1159 1900 1196 1953 ut
1224 1912 1283 1952 nec
1311 1891 1461 1974 magistri
1489 1889 1561 1955 cola
1589 1891 1622 1954 in
1646 1889 1746 1977 pedes

297 1992 480 2059 dirimenda
503 2014 574 2056 esse
596 2001 783 2072 monerent,
806 2013 867 2054 nec
889 1991 1006 2054 musici
1029 1990 1121 2057 lineis
1145 1992 1260 2056 aliisve
1283 1991 1488 2056 adminiculis
1511 1993 1554 2055 ad
1577 1993 1689 2057 modos
1712 1995 1747 2057 in

297 2095 449 2182 aequales
483 2093 661 2182 particulas
684 2093 895 2157 dissecandos
928 2103 1106 2158 uterentur.
1150 2093 1275 2156 Pedum
1308 2095 1410 2178 igitur
1442 2095 1636 2159 divisionem
1672 2117 1744 2159 eum

298 2207 504 2282 spernerent,
529 2197 671 2261 colorum
696 2193 816 2259 divisio
840 2192 955 2258 ultima
977 2203 1061 2275 erat,
1085 2217 1187 2280 eaque
1210 2204 1335 2259 tantum
1370 2195 1483 2258 alterat
1509 2207 1545 2259 ut
1568 2195 1746 2283 aequabili-

297 2309 397 2364 tatem
428 2298 591 2385 quandam
620 2298 967 2383 partium-spectaret,
1000 2305 1037 2359 ut
1065 2295 1221 2383 pleraque
1249 2295 1321 2360 cola
1350 2296 1494 2362 eiusdem
1523 2299 1659 2384 troparii
1683 2321 1747 2363 non

298 2400 395 2465 modo
419 2421 626 2463 numerorum
650 2420 785 2482 genero,
809 2398 865 2462 scd
889 2398 987 2461 ctiam
1010 2397 1236 2484 magnitudine
1258 2399 1322 2462 sibi
1345 2398 1493 2486 dispares
1517 2409 1549 2462 et
1571 2398 1746 2464 dissimiles

299 2507 419 2566 essent.
464 2501 579 2586 Neque
602 2499 730 2578 eadem,
760 2523 824 2586 qua
847 2501 950 2564 nostri
972 2502 1104 2583 musici,
1135 2502 1332 2565 necessitate
1362 2501 1532 2585 byzantini
1561 2501 1604 2564 ad
1633 2501 1747 2567 modos

298 2609 330 2668 in
356 2626 449 2690 pares
474 2603 571 2688 podes
600 2603 670 2665 sire
698 2610 804 2666 tactus
834 2600 1028 2665 dividendos
1056 2601 1318 2683 adducebantur,
1348 2603 1611 2689 quandoquidem
1640 2605 1748 2668 onmia

299 2727 410 2770 eorum
433 2705 577 2768 carmina
600 2704 738 2767 unisona
760 2712 853 2766 erant
875 2724 980 2789 neque
1002 2713 1113 2767 nostra
1149 2704 1305 2768 memoria
1334 2706 1368 2766 in
1397 2704 1438 2767 iis
1471 2703 1635 2786 ecclesiia,
1667 2726 1749 2790 quae

300 2819 423 2872 uetera·
437 2806 588 2869 instituta
603 2804 798 2886 observant,
821 2802 1021 2890 polyphonia
1036 2805 1070 2866 in
1093 2827 1153 2869 usu
1171 2815 1229 2869 est.
1254 2805 1367 2890 Neque
1383 2827 1461 2869 vero
1477 2807 1624 2890 corporis
1640 2817 1748 2870 motus

300 2932 372 2972 cum
390 2919 486 2971 cantu
500 2907 688 2986 consociati,
698 2928 761 2992 quo
775 2916 901 2970 veteres
916 2907 1034 2970 Graeci
1045 2907 1192 2991 inprimis
1207 2905 1504 2987 commovebantur,
1524 2929 1543 2969 a
1562 2906 1748 2970 christianis

301 3010 438 3075 melodis
461 3009 546 3072 ratio
562 3007 713 3072 habenda
736 3017 821 3071 crat:
846 3016 1003 3092 quantum
1026 3016 1133 3071 autem
1158 3007 1214 3070 illa
1243 3010 1380 3072 societas
1409 3008 1451 3072 ad
1480 3009 1579 3092 pedes
1601 3030 1748 3071 numero-

301 3135 373 3176 rum
408 3110 625 3174 dimetiendos
661 3107 819 3192 valuerit,
855 3130 895 3172 ex
935 3110 1063 3172 nornine
1097 3111 1233 3190 libescit,
1273 3131 1336 3194 qua
1368 3108 1537 3196 dipodiam
1568 3101 1750 3174 iambicam

301 3212 542 3277 trochaicamvc
564 3209 814 3294 significabant,
844 3220 876 3273 et
905 3210 1091 3274 discrimine
1120 3221 1368 3296 anapaestornm
1398 3223 1430 3274 et
1458 3210 1647 3276 melicosum
1675 3233 1750 3296 poe-

303 3324 426 3379 matum
449 3313 570 3400 optime
587 3301 767 3395 intellegas.
806 3311 887 3375 Nam
909 3313 1094 3397 anapaesti,
1118 3335 1252 3398 quorum
1276 3312 1337 3377 sub
1358 3312 1478 3378 ictibus
1509 3312 1683 3379 cherentea
1704 3315 1751 3377 in-

301 3415 472 3494 cedebant,
486 3437 612 3478 summa
628 3415 744 3499 pedum
761 3411 994 3500 aequabilitate
1010 3417 1177 3500 conspicui
1192 3427 1294 3494 erant,
1314 3413 1420 3478 melici
1435 3423 1548 3499 poetae
1572 3415 1751 3479 trochaicus

301 3518 401 3607 pedes
417 3539 490 3582 cnm
506 3515 678 3600 dactylicis
697 3515 759 3596 vol,
783 3517 809 3578 si
825 3517 945 3597 mavia,
961 3515 1136 3580 rationales
1148 3518 1246 3602 pedes
1263 3539 1334 3578 cum
1351 3514 1595 3579 irrationalibus
1613 3515 1752 3602 pedibus

301 3619 492 3684 miscebant.
539 3617 715 3702 Byzantini
740 3618 841 3700 igitur
870 3618 984 3680 musici
1008 3639 1114 3703 neque
1142 3616 1214 3680 cola
1242 3618 1274 3680 in
1303 3617 1403 3704 pedes
1433 3617 1625 3681 dividebant
1647 3640 1752 3704 neque

302 3719 446 3805 rhythmi
469 3720 634 3782 notionem
658 3739 745 3799 earn,
770 3740 866 3803 quam
890 3741 947 3783 nos
971 3731 1078 3782 mente
1094 3720 1311 3805 concipimus,
1335 3730 1511 3801 noverunt3
1534 3742 1599 3805 qua
1622 3741 1695 3782 cum
1717 3743 1752 3783 re

304 3821 386 3885 illud
410 3841 538 3906 quoquo
560 3817 728 3900 cohaeret,
755 3819 841 3905 quod
871 3842 992 3908 pausae
1020 3821 1178 3915 spatium,
1208 3823 1311 3885 maius
1335 3837 1383 3884 'an
1411 3820 1543 3885 brevius
1572 3822 1631 3902 sit,
1660 3843 1751 3884 num-

307 3944 403 4008 quam
427 3921 584 3985 indicant.

390 4023 598 4108 Quamquam
632 4035 741 4088 autem
775 4035 807 4088 et
840 4026 1055 4110 quantitatem
1088 4024 1287 4112 syllabarum
1320 4024 1540 4110 neglegebant
1568 4035 1600 4088 et
1628 4026 1752 4089 severis

304 4121 457 4213 rhythmi'
470 4123 599 4210 legibus
623 4129 764 4190 coerceri
787 4127 1048 4208 reluctabantur,
1073 4137 1181 4192 tamen
1197 4137 1351 4192 accentus
1375 4129 1408 4190 in
1425 4129 1576 4192 versibus
1592 4127 1753 4191 faciendis

305 4229 351 4291 ita
374 4226 608 4313 disponebant,
632 4236 668 4291 ut
691 4225 762 4292 cola
784 4227 1032 4292 similitudinem
1048 4230 1212 4315 quandam
1229 4237 1375 4292 veterum
1394 4227 1629 4293 versiculorum
1652 4229 1753 4293 refer·

304 4339 393 4411 ront3
421 4351 504 4415 quae
532 4328 662 4415 quidem
692 4353 743 4394 res
774 4340 841 4393 tarn
865 4329 930 4394 late
953 4340 1057 4415 patet,
1092 4342 1128 4395 ut
1156 4354 1267 4396 omnes
1296 4331 1473 4416 lyricorum
1497 4340 1529 4394 et
1551 4331 1753 4396 scenicorum

303 4443 473 4518 poetarum
504 4453 617 4495 versus
647 4431 834 4516 byzantinis
864 4431 968 4495 modis
998 4434 1103 4518 aptari
1129 4456 1223 4519 posse
1247 4433 1419 4498 confidam.
1465 4433 1580 4519 Neque
1603 4433 1752 4518 equidem

304 4532 433 4614 dubito,
462 4534 539 4618 quin
570 4543 715 4597 veterum
744 4533 977 4597 cantilenarum
1006 4532 1132 4614 modos,
1162 4545 1198 4598 ut
1226 4535 1282 4620 qui
1310 4533 1508 4598 carminibus
1536 4534 1617 4622 ipsis
1641 4557 1752 4619 super-

305 4637 398 4700 stites
421 4656 492 4698 esse
521 4633 663 4714 soleant,
693 4635 862 4721 byzantini
891 4635 1009 4700 melodi
1038 4637 1157 4701 imitati
1186 4638 1268 4717 sint,
1297 4648 1329 4700 et
1358 4645 1559 4699 servatorum
1583 4635 1752 4702 modorum

306 4734 377 4798 luce
401 4735 553 4800 tenebrae
582 4737 702 4800 veteris
732 4736 810 4800 artis
839 4737 868 4800 si
897 4738 1002 4802 minus
1025 4738 1258 4819 discutiantur,
1287 4747 1321 4802 at
1348 4748 1436 4804 certe
1463 4747 1640 4801 rarescant.
1687 4737 1750 4802 Sed

1594 4851 1610 4884 Ι
