3800 5474
522 359 588 414 LIB.
603 360 623 412 1.
653 358 701 413 ut}
715 357 843 416 Pueris
858 357 1086 415 CHRISTIANIS
1101 359 1262 434 GRAECIS.
1505 361 1621 416 XXXIX

167 515 200 571 et
226 505 285 572 198
309 494 449 570 servatis
473 504 575 590 (conf.
592 503 705 570 Barth.
729 502 1012 570 Outlumnsiannm
1027 506 1121 572 Pent.
1137 500 1179 590 ζ’)
1201 527 1307 592 pauca
1329 515 1456 572 tantum
1480 505 1622 575 frustula

166 611 200 672 in
222 608 465 674 Pentecostario
489 617 522 674 et
544 605 689 672 Menaeis
711 604 827 672 relicta
848 615 936 671 sunt.

250 709 329 774 Alia
360 709 445 775 ratio
479 709 709 775 monachorum
741 729 934 794 graecorum
968 709 1118 774 coenobii
1155 707 1417 775 Grottaferratae
1450 711 1531 794 fuit,
1565 714 1622 798 qui

166 834 240 876 cum
268 811 408 878 decretis
438 809 680 898 patriacharum
713 810 840 896 imperii
872 808 1044 895 byzantini
1071 832 1136 875 non
1169 819 1373 894 tenerentur,
1404 811 1507 879 multa
1535 836 1622 880 nova

166 913 313 980 carmina
343 911 564 980 ecclesiastica
591 920 862 999 composuerunt3
896 910 955 975 sed
983 932 1058 976 eum
1088 933 1193 998 neque
1224 935 1310 978 novo
1337 914 1417 978 artis
1447 912 1622 1002 splendore

166 1014 348 1080 eminerent
369 1037 430 1080 nec
453 1037 473 1081 a
494 1015 629 1101 reliquis
653 1011 785 1079 Graccis
814 1013 1121 1100 comprobarentur,
1144 1015 1275 1078 nomina
1296 1014 1498 1082 melodorum
1521 1040 1622 1104 supra

167 1141 199 1205 p.
216 1115 335 1182 XXVI
356 1113 521 1182 rettulisse
544 1117 624 1182 satis
646 1113 832 1180 habuimus.
1608 1129 1610 1134 ’

252 1219 417 1287 Societate
443 1219 589 1284 musicae
611 1227 645 1284 et
666 1217 814 1304 poeticae
843 1216 924 1282 artis
952 1214 1059 1281 soluta
1088 1216 1201 1304 poesin
1222 1225 1298 1304 post
1319 1210 1620 1287 brevem'lecundi-
1698 1197 1706 1214 ⁸

168 1332 269 1390 tatem
283 1319 442 1408 paulatim
458 1320 618 1387 defecisse
635 1317 866 1405 eognovimus,
888 1319 1015 1384 musica
1035 1332 1144 1384 autem
1166 1328 1333 1408 tamqnam
1356 1322 1495 1388 molesta
1516 1323 1619 1390 socio-

165 1433 234 1490 tate
261 1421 400 1490 liberata
430 1421 548 1490 laetius
577 1421 784 1488 efflorescere
812 1421 922 1507 coepit
943 1431 976 1486 ct
997 1422 1103 1487 sorori
1130 1420 1269 1488 multum
1291 1430 1458 1510 superstes
1480 1446 1522 1490 ne
1544 1434 1620 1510 post

165 1526 334 1592 interitum
368 1525 499 1612 quidem
526 1524 657 1611 imperii
685 1523 858 1610 byzantini
890 1521 1051 1608 pullulare
1082 1522 1191 1589 desiit.
1248 1522 1375 1589 Eadem
1405 1533 1514 1590 autem
1545 1549 1621 1590 cum

166 1627 405 1694 necessitudine
427 1627 534 1713 poesis
558 1648 623 1691 nou
645 1626 709 1691 iam
732 1635 947 1709 coerceretur,
970 1625 1149 1691 modestiae
1173 1635 1206 1691 et
1227 1623 1360 1712 pudoris
1383 1625 1465 1692 fines
1488 1649 1622 1712 egressa

165 1729 264 1796 latius
287 1728 420 1813 evagari
442 1737 475 1794 ct
496 1727 635 1792 maiores
663 1749 819 1814 gyrcrum
847 1725 1003 1810 ambages
1024 1727 1059 1791 in
1082 1726 1151 1792 dies
1180 1726 1299 1793 ducere
1320 1727 1438 1814 coepit.
1482 1728 1620 1795 Cosmac

165 1833 252 1898 enim
281 1841 315 1895 ct
340 1829 473 1896 Ioannis
501 1829 700 1895 Damasceni
727 1837 835 1894 aetate
863 1826 1037 1917 verborum
1064 1830 1191 1894 numeri
1218 1837 1252 1894 et
1279 1839 1395 1895 cantus
1422 1829 1510 1896 modi
1537 1831 1619 1898 adeo

165 1932 330 2000 coniuncti
360 1941 469 2014 erant,
499 1940 536 1997 ut
563 1928 711 2016 singulae
737 1928 887 2016 syllabae
914 1929 982 1996 fere
1005 1929 1142 2016 singulis
1167 1932 1255 1998 vocis
1278 1929 1420 1997 flexibus
1443 1934 1620 2021 responde-

165 2033 254 2117 rent,
277 2044 311 2100 at
333 2034 488 2100 extremis
512 2031 711 2119 temporibus
735 2030 833 2097 medii
855 2032 931 2097 aevi
949 2041 1078 2116 gratam
1100 2031 1189 2098 illam
1210 2033 1452 2122 simplicitatem
1474 2034 1619 2101 modula-

165 2138 290 2203 tionum
320 2134 535 2202 fastidiebant
556 2143 589 2199 et
609 2134 753 2198 maxime
781 2133 955 2220 protractis
984 2135 1089 2200 modis
1117 2133 1375 2202 delectabantur.
1420 2136 1508 2218 Quin
1536 2138 1618 2203 adeo

164 2241 290 2304 musica
316 2259 369 2303 ars
399 2235 440 2302 de
467 2257 528 2316 sua
561 2235 687 2320 origine
723 2235 952 2321 degeneravit,
981 2245 1019 2301 ut
1045 2234 1135 2302 haud
1160 2259 1235 2302 raro
1263 2237 1336 2326 plus
1366 2239 1496 2304 vicenos
1525 2240 1617 2306 vocis

164 2341 270 2406 flexus
292 2340 349 2404 uni
370 2336 519 2425 syllabae
541 2336 741 2422 tribuerent,
764 2360 828 2423 quo
843 2359 933 2403 more
948 2337 1084 2424 probato
1100 2337 1182 2403 nihil
1203 2341 1269 2404 iam
1290 2339 1475 2405 verborum
1490 2343 1618 2406 numeri

165 2440 321 2508 valebant
341 2451 374 2506 et
388 2440 578 2506 sententiae
598 2439 685 2504 omni
701 2451 734 2504 ct
749 2440 940 2534 quantitatis
955 2447 989 2504 et
1002 2450 1155 2506 accentus
1179 2439 1250 2526 lege
1271 2440 1396 2506 solutae
1418 2441 1454 2506 in
1475 2445 1618 2510 musicos

164 2544 277 2610 modos
299 2543 374 2628 cogi
396 2551 557 2628 poterant.
601 2541 782 2608 Rarissime
804 2551 914 2606 autem
936 2541 1055 2624 verba,
1084 2541 1201 2628 quibus
1229 2540 1488 2607 modulationum
1510 2543 1616 2610 flexus

162 2644 460 2728 accommodarent,
483 2643 548 2730 ipsi
570 2654 768 2730 punxerunt,
792 2641 879 2729 quod
902 2643 959 2708 ubi
982 2643 1192 2725 factumest,
1216 2653 1253 2709 ut
1274 2645 1308 2714 in
1331 2643 1491 2709 Manuelis
1513 2644 1616 2732 Chry-

163 2745 275 2834 saphis
301 2743 455 2812 idiomelo
482 2767 503 2808 a
528 2744 622 2810 nobis
652 2766 693 2808 ex
721 2745 793 2812 cod.
822 2743 1039 2812 bibliothecae
1067 2745 1293 2811 universitatis
1321 2744 1527 2812 Monacensis
1557 2749 1615 2835 (U)

163 2850 304 2936 primum
319 2847 407 2913 edito
424 2846 469 2932 (p.
488 2845 575 2931 105),
591 2857 623 2912 ct
638 2845 740 2912 verba
761 2857 794 2913 ct
816 2845 1054 2942 modulationes
1069 2848 1122 2931 (τά
1143 2867 1177 2913 τε
1198 2847 1366 2929 γράμματα
1387 2849 1437 2913 καὶ
1451 2851 1615 2934 sabaoc)

164 2951 312 3016 ciusdem
340 2948 484 3016 auctoris
512 2971 584 3014 esse
613 2957 818 3014 monuerunt.
866 2947 974 3034 Vulgo
1004 2949 1202 3036 psalmorum
1231 2948 1373 3015 Davidis
1401 2957 1614 3039 veterumque

163 3065 232 3120 tam
259 3073 418 3118 canonum
446 3073 544 3137 quarn
571 3049 785 3116 stichcrorum
813 3049 914 3116 verba
946 3049 1014 3116 suis
1043 3049 1320 3116 modulationibus
1348 3051 1525 3137 ornabant,
1552 3077 1614 3120 nec

162 3177 228 3220 non
250 3151 352 3218 verba
374 3155 577 3244 invertentes
600 3161 632 3217 et
654 3160 781 3218 veteres
801 3151 914 3218 modos
938 3149 1112 3218 dilatantes
1135 3150 1309 3236 ludebant,
1332 3153 1418 3218 undc
1433 3153 1612 3222 modulatio

162 3256 260 3322 huius
286 3255 416 3340 generis
442 3254 477 3318 in
505 3252 577 3320 cod.
600 3253 744 3328 Vindob.
774 3252 852 3340 phil.
876 3276 907 3318 n.
933 3253 993 3320 194
1015 3251 1071 3318 lol.
1097 3253 1156 3318 138
1189 3253 1283 3319 audit
1314 3256 1411 3336 μέλα(
1443 3259 1612 3335 μετατεθὲν

161 3361 215 3424 καὶ
236 3358 455 3424 καλλωτιτθὲν
477 3356 527 3421 καὶ
547 3357 728 3424 πλατυνθὲν
750 3355 786 3423 ἔν
801 3377 836 3422 τε
851 3345 1064 3436 χειρονομίαν(
1087 3357 1138 3421 καὶ
1159 3355 1263 3437 μέλεα
1285 3358 1337 3422 καὶ
1360 3357 1613 3438 {ardennense

160 3463 221 3526 τοῦ
243 3459 416 3540 μακαρίτου
438 3457 562 3524 ἐκείνου
586 3458 809 3538 λαμπαδορίου
836 3457 946 3538 κυρίου
975 3457 1127 3524 Ἰωάννου
1154 3461 1214 3522 τοῦ
1244 3457 1358 3521 Κλάδα.
1403 3457 1522 3522 Musici
1547 3460 1613 3545 ipsi

159 3563 343 3642 μαῑ(τορε(,
371 3558 457 3646 quod
479 3581 597 3626 nomen
618 3558 660 3623 de
681 3557 782 3624 latino
804 3558 934 3624 nomine
955 3555 1105 3642 magistri
1126 3556 1263 3622 fluxisse
1285 3565 1391 3642 patet,
1420 3557 1474 3622 vel
1502 3569 1613 3645 patres

161 3661 321 3746 musicae,
353 3661 440 3728 unde
472 3681 525 3726 ars
555 3661 680 3726 musica
708 3661 804 3742 τέχνη
837 3661 998 3740 annotat]
1026 3682 1047 3723 a
1074 3656 1211 3724 Graecis
1241 3658 1332 3724 dicta
1363 3679 1436 3724 esse
1471 3659 1612 3744 videtur,

161 3763 388 3850 cognominari
414 3761 504 3828 soliti
530 3774 616 3828 sunt.
663 3761 841 3828 Maximam
870 3770 980 3828 autem
1007 3760 1129 3826 famam
1156 3761 1320 3827 intereos
1347 3759 1515 3828 consecuti
1537 3770 1613 3824 sunt

161 3868 321 3948 Mercurii
359 3865 544 3946 Χρυεάφηε,
582 3864 798 3948 Ἀνανεώτη(,
836 3863 985 3945 Ἰωάννη(
1023 3864 1157 3946 sturae,
1193 3863 1343 3943 Ἰωάννη(
1383 3863 1611 3945 Κουκουζέλητ,

160 3967 313 4047 Ἰωάννη(
342 3968 475 4035 Κλάδαε.
518 3965 694 4032 Praeterea
716 3964 819 4031 multa
839 3963 980 4031 barbara
1001 3964 1199 4030 musicorum
1221 3965 1367 4042 nomina,
1398 3975 1434 4030 ut
1455 3965 1610 4044 Μπερὶτη,

160 4069 430 4150 transuectus,
453 4067 589 4134 aliorum
612 4077 786 4134 occurrunt
809 4066 909 4152 (conf.
931 4065 1023 4132 Pitra
1044 4065 1229 4153 Hymnogr.
1252 4090 1285 4153 p.
1309 4066 1383 4150 65);
1416 4087 1611 4152 quamquam

159 4169 259 4236 valde
281 4169 413 4251 dubito,
436 4191 513 4234 num
536 4191 608 4236 cum
631 4169 724 4236 Pitra
743 4169 821 4234 inde
843 4166 994 4253 colligere
1017 4167 1129 4248 liceat,
1152 4188 1290 4253 graecae
1311 4168 1454 4235 musicae
1476 4166 1609 4250 integri·

160 4283 263 4338 tatem
284 4271 335 4336 his
358 4270 479 4336 ultimis
502 4269 702 4358 temporibus
725 4270 854 4358 imperii
875 4268 1045 4357 byzantini
1066 4269 1240 4334 Persarum
1261 4267 1409 4332 Arabum
1431 4267 1609 4332 'lbrrcorum

159 4373 312 4440 sordibus
334 4382 522 4460 corruptam
544 4383 576 4439 et
598 4373 798 4460 inquinatam
814 4393 897 4440 esse.
936 4369 1098 4459 Equidem
1120 4370 1206 4434 enirn
1229 4367 1325 4434 huius
1347 4368 1395 4432 rci
1417 4367 1611 4434 documenta

159 4477 243 4542 adeo
266 4475 431 4556 desidero,
453 4484 491 4540 ut
504 4474 605 4541 multo
622 4473 833 4540 verisimilius
855 4495 927 4540 esse
948 4472 1133 4538 existimem
1147 4470 1305 4536 musicam
1319 4478 1423 4535 artem
1438 4491 1458 4534 a
1472 4468 1609 4536 Graccis

158 4577 203 4644 ad
232 4577 388 4644 barbaras
414 4575 486 4644 illas
513 4587 628 4662 gentes
657 4576 847 4642 translatam
875 4596 954 4640 csse.
1001 4573 1142 4640 Omnino
1170 4580 1279 4637 autem
1307 4593 1444 4658 graecae
1466 4571 1610 4638 musicae

159 4681 297 4746 historia
318 4678 519 4766 spississima
543 4678 682 4765 caligine
711 4665 817 4744 adhuc
838 4676 954 4742 obruta
976 4685 1040 4760 cst,
1068 4684 1101 4740 et
1121 4673 1318 4740 lincamenta
1339 4683 1465 4740 tantum
1487 4673 1609 4741 tenuis-

160 4783 246 4848 sima
267 4780 494 4868 Chrysanthus
522 4782 556 4846 in
584 4779 668 4846 libro
692 4781 894 4862 Θεωρητικάν
917 4779 996 4860 μέγα
1017 4782 1074 4858 τῆ(
1096 4778 1261 4859 ἑλληνικῆ(
1283 4781 1431 4860 μουτικῆτ
1452 4775 1609 4864 inscripto
