3800 5474
269 353 361 409 XXlV
856 350 1138 406 PROLEGOMENA.

396 507 442 583 τῷ
464 501 561 578 πατρὶ
581 500 634 564 καὶ
655 505 701 584 τῷ
723 499 782 578 υἱῷ

397 600 517 685 καὶτῷ
540 599 622 684 ἁγίῳ
644 599 806 679 πνεύματι.

657 867 721 934 DE
744 868 1027 936 OARMINIBUS
1049 870 1339 937 BYZANTINIS.

355 1023 508 1105 Quatuor
522 1023 650 1109 hymni,
674 1022 857 1108 dequibus
880 1031 1027 1088 extremo
1042 1023 1113 1090 loco
1128 1022 1312 1110 disputavi,
1335 1046 1408 1088 cum
1430 1022 1554 1090 relictis
1578 1033 1725 1090 veterum

270 1147 463 1212 graecorum
485 1125 666 1190 carminum
682 1122 810 1209 legibus
826 1121 922 1190 aliam
938 1146 1084 1191 normam
1101 1140 1288 1212 sequantur,
1304 1125 1477 1192 transitum
1498 1126 1594 1191 nobis
1608 1136 1727 1213 parant

270 1229 314 1295 ad
335 1229 483 1294 carmina
504 1224 728 1291 ecelesiastica
749 1225 947 1312 byzantina,
970 1248 1107 1314 quorum
1130 1227 1293 1293 delectum
1315 1228 1350 1292 in
1372 1225 1475 1292 altera
1497 1237 1590 1313 parto
1612 1228 1726 1293 antho-

177 1347 187 1359 ⁴
270 1331 379 1416 logias
402 1329 643 1418 proposuimus.
688 1327 876 1414 Byzantina
898 1349 938 1394 ea
959 1331 1241 1417 nuncupavimus,
1269 1328 1357 1417 quod
1384 1328 1471 1394 intra
1498 1328 1579 1394 fines
1602 1330 1725 1417 byzan-

270 1433 331 1500 tini
346 1430 476 1518 imperii
489 1429 597 1494 medio
614 1450 695 1494 aevo
711 1438 783 1495 orta
798 1437 888 1515 sunt,
903 1432 984 1517 ipsa
1006 1430 1084 1496 urbs
1108 1431 1307 1518 Byzantium
1328 1431 1400 1495 sive
1424 1428 1726 1517 Constantinopolis

270 1556 331 1600 nee
353 1531 509 1621 plurimos
532 1553 592 1596 nae
614 1529 835 1598 fertilissimos
857 1531 1002 1598 melodos
1025 1531 1115 1617 tulit,
1149 1533 1247 1597 immo
1270 1533 1417 1617 tresviri,
1445 1531 1564 1619 quibus
1585 1533 1727 1618 palmam

270 1638 305 1701 in
328 1637 390 1700 hoc
410 1655 531 1719 genere
552 1633 721 1698 literarum
743 1632 949 1718 detulerunt,
977 1635 1128 1718 Oosmas,
1152 1635 1306 1714 Ioannes,
1331 1634 1547 1720 Theophanes
1570 1633 1726 1700 Hieroso·
1819 1621 1821 1626 ’

271 1735 422 1823 lymitani
444 1734 546 1800 fuisso
568 1738 728 1816 feruntur,
752 1735 839 1821 quod
862 1757 935 1802 cum
958 1737 1167 1818 auctoritate,
1191 1758 1257 1823 qua
1286 1758 1381 1802 sacra
1409 1735 1501 1801 sedes
1524 1744 1557 1800 et
1577 1735 1727 1824 inprimis

273 1839 307 1904 S.
331 1835 462 1904 Sabbas
494 1836 725 1902 monasterinm
759 1835 913 1922 florebat,
949 1836 1124 1904 cohaerere
1157 1837 1300 1904 videtur.
1355 1837 1440 1902 Nam
1471 1836 1554 1904 ritus
1588 1858 1726 1924 quoque,

273 1938 385 2027 quales
407 1939 443 2004 in
465 1937 621 2004 coenobio
643 1936 677 2002 S.
694 1937 826 2003 Sabbas
849 1937 972 2004 exculti
995 1949 1106 2024 erant,
1128 1939 1206 2006 inde
1220 1962 1241 2004 a
1255 1938 1393 2027 septimo
1417 1938 1547 2004 saeculo
1569 1939 1728 2024 paulatim

272 2064 330 2129 per
345 2063 456 2106 omnes
472 2038 627 2105 ecclesias
642 2060 779 2123 graecas
795 2038 1061 2136 diffirpdebantur
1083 2042 1181 2124 (conf.
1197 2041 1356 2108 Leontem
1377 2039 1538 2112 Allatium
1560 2041 1612 2106 De
1634 2039 1727 2106 libris

273 2142 505 2209 ecclesiasticis
533 2143 660 2226 graccis
689 2165 720 2226 p.
744 2141 764 2206 6
792 2141 844 2206 ed.
867 2142 972 2208 Paris.
1001 2167 1031 2208 a.
1061 2143 1270 2230 MDCXLV)
1306 2153 1339 2209 ct
1371 2142 1576 2208 celeberrimi
1609 2139 1728 2208 melodi

273 2247 414 2313 Ioannes
444 2254 477 2318 et
499 2243 635 2308 Cosmas
664 2264 817 2327 magnam
846 2246 934 2310 vitae
962 2255 1089 2330 partem
1116 2246 1151 2310 in
1177 2244 1234 2310 illo
1261 2245 1419 2311 coenobio
1448 2252 1594 2330 egerunt.
1639 2243 1728 2308 Inter

273 2347 415 2433 reliquas
438 2345 566 2432 imperii
588 2343 761 2429 byzantini
782 2355 893 2431 partes
916 2345 1030 2412 Sicilia
1051 2347 1203 2428 eminuit,
1232 2369 1297 2434 qua
1324 2347 1359 2411 in
1385 2346 1510 2429 insula,
1539 2346 1729 2432 priusquam

273 2447 422 2515 Arabum
440 2446 575 2512 ditionis
598 2445 687 2510 facta
709 2458 775 2528 est,
799 2445 893 2512 multi
908 2456 942 2513 et
957 2448 1037 2514 clari
1051 2457 1168 2535 poetae
1184 2449 1275 2515 velut
1288 2447 1476 2514 Methodius
1491 2448 1727 2534 Syracusanus,

274 2551 439 2636 Georgius
463 2547 632 2628 Siceliota,
660 2546 895 2615 Constantinus
923 2548 1052 2616 Siculus
1080 2559 1196 2617 octavo
1220 2559 1253 2616 et
1274 2572 1359 2616 nono
1387 2547 1517 2615 saeculo
1539 2549 1727 2616 floruerunt·

275 2651 389 2734 Quid?
423 2650 512 2738 quod
535 2649 688 2715 Cosmam
714 2651 887 2734 maiorem,
916 2674 980 2738 quo
1002 2653 1141 2718 Ioannes
1165 2654 1388 2719 Damascenns
1412 2661 1445 2717 ct
1466 2652 1602 2717 Cosmas
1624 2651 1728 2718 Maiu-

275 2755 395 2820 mensis
418 2751 577 2837 magistro
600 2751 651 2817 usi
674 2761 765 2836 suut,
787 2754 822 2818 in
844 2752 957 2820 Sicilia
979 2765 1085 2820 ortum
1101 2763 1134 2820 et
1148 2777 1169 2820 a
1184 2754 1299 2841 piratis
1315 2753 1516 2819 Damascum
1538 2753 1728 2840 perductum

275 2877 347 2921 esse
375 2855 505 2920 feriunt?
549 2853 700 2941 Denique
727 2855 826 2920 etiam
855 2865 950 2920 extra
978 2857 1057 2920 fines
1085 2857 1214 2943 imperii
1241 2855 1414 2942 byzantini
1441 2858 1476 2921 in
1504 2853 1604 2920 Italia
1630 2877 1731 2941 prope

276 2957 415 3024 Romam
445 2957 561 3020 urbem
593 2955 742 3021 monachi
775 2954 888 3021 exules
922 2957 1073 3023 coenobii
1106 2958 1140 3024 S.
1170 2957 1238 3022 Nili
1271 2979 1384 3024 sacrae
1416 2957 1508 3044 poesi
1544 2957 1729 3042 studebant,

276 3079 413 3145 quorum
435 3055 636 3122 melodorum
659 3057 692 3122 S.
706 3054 994 3141 Bartholomaeus,
1018 3059 1073 3144 qui
1095 3058 1288 3126 duodecimo
1310 3057 1440 3126 saeculo
1463 3059 1611 3140 florebat,
1634 3057 1731 3124 facilc

276 3160 428 3247 princeps
451 3157 590 3239 exstitit,
612 3156 680 3241 alii,
702 3167 739 3223 nt
762 3157 928 3243 Clemens,
951 3161 1128 3245 Amedine,
1153 3161 1355 3246 Germanus,
1380 3161 1535 3243 Ioannes,
1558 3159 1730 3255 Iosephus,

276 3259 418 3344 Paulus,
456 3257 655 3346 Sophronius
693 3261 901 3346 cognomines
938 3263 1072 3328 summis
1114 3261 1251 3328 melodis
1292 3263 1479 3350 byzantinis
1522 3264 1732 3328 nominantur

277 3363 379 3451 (conf.
400 3363 493 3428 Pitra
513 3360 695 3448 Hymnogr.
717 3385 750 3449 p.
768 3363 807 3428 18
830 3372 863 3427 et
884 3363 958 3448 62);
981 3387 1085 3451 nequa
1108 3373 1219 3429 tamen
1240 3364 1308 3430 nlla
1330 3387 1441 3432 eorum
1463 3367 1608 3429 carmina
1629 3365 1731 3451 parie-

277 3475 326 3532 tes
347 3463 535 3531 monasterii
558 3462 821 3530 Grottaferratae
844 3487 977 3551 egressa
998 3474 1091 3547 sunt,
1119 3465 1207 3531 unde
1235 3489 1274 3533 ea
1300 3489 1375 3534 cum
1402 3487 1507 3554 neque
1536 3467 1570 3530 in
1592 3466 1733 3532 Menace

224 3640 235 3650 ,
277 3590 382 3654 neque
396 3567 431 3630 in
446 3565 617 3631 Triodium
632 3588 770 3651 graecam
786 3565 942 3633 eeclesiae
957 3575 1089 3654 recepta
1104 3577 1223 3653 essent,
1246 3589 1289 3634 ex
1310 3567 1371 3635 hac
1393 3589 1521 3656 quoque
1543 3568 1733 3654 anthologia

278 3666 484 3734 excludenda
509 3666 674 3735 duximus.

362 3767 521 3834 Homines
553 3780 661 3836 autem
693 3770 865 3857 byzantini
894 3792 991 3858 quam
1019 3773 1127 3836 tenuis
1155 3779 1189 3836 et
1214 3771 1326 3860 pusilli
1355 3773 1456 3838 animi
1484 3772 1619 3854 fuerint,
1653 3771 1731 3838 inde

278 3871 421 3938 maxime
448 3869 664 3957 intellegitur,
694 3872 782 3959 quod
809 3872 1004 3938 omniafere
1027 3895 1140 3940 eorum
1162 3877 1271 3963 poesis
1293 3876 1382 3940 intra
1402 3883 1558 3961 angustos
1581 3873 1731 3939 ecclesia-

279 3973 354 4040 stici
383 3973 536 4038 carminis
564 3973 644 4038 fines
679 3974 808 4041 inclusa
835 3974 1073 4042 continebatur.
1123 3977 1206 4042 Oum
1234 3978 1320 4042 onim
1348 3977 1499 4042 monachi
1525 3986 1559 4043 et
1586 3978 1735 4063 episcopi

154 4150 156 4156 ¹
279 4073 463 4162 tam.apud
490 4096 583 4160 reges
610 4097 708 4162 quarn
735 4076 823 4164 apud
846 4076 1001 4163 populum
1022 4075 1196 4163 plurimum
1221 4078 1367 4145 valerent
1388 4088 1421 4144 ct
1443 4079 1543 4145 animi
1565 4080 1732 4146 hominnm

279 4179 421 4265 spinosis
443 4175 629 4262 theologiae
656 4177 900 4264 quaestionibus
929 4177 1011 4244 adeo
1041 4182 1129 4267 capti
1151 4189 1348 4265 tenerentur,
1371 4191 1408 4247 ut
1430 4179 1527 4246 altius
1551 4183 1676 4268 spirare
1699 4189 1733 4245 et

280 4281 449 4367 praeclara
475 4277 613 4344 consilia
640 4277 746 4344 moliri
773 4303 838 4347 non
865 4281 1053 4367 auderent,
1069 4283 1260 4370 turpissima
1285 4285 1488 4369 ingeniorum
1516 4282 1672 4348 sterilitas
1700 4290 1734 4347 et

279 4379 453 4468 nugatoria
479 4379 642 4467 quaedam
668 4381 844 4466 garrulitas
873 4406 947 4449 cum
969 4383 1003 4448 in
1026 4384 1099 4450 aliis
1121 4384 1288 4451 literarum
1310 4384 1486 4471 generibus
1508 4394 1576 4450 turn
1600 4385 1634 4448 in
1656 4405 1731 4470 poe-

281 4484 354 4551 ticis
378 4481 495 4547 studiis
517 4491 595 4548 nata
616 4495 678 4550 est.
721 4485 812 4550 Haec
844 4507 942 4573 quam
973 4484 1040 4552 late
1073 4489 1253 4572 patuerint,
1284 4498 1320 4553 ut
1346 4485 1534 4572 intellegas,
1563 4484 1732 4573 aequalem

280 4586 405 4674 poesim
427 4585 575 4669 gentium
596 4585 808 4653 occidentalis
837 4588 989 4672 Europae
1017 4587 1165 4653 conferre
1193 4590 1291 4654 iuvat
1341 4589 1550 4676 Quamquam
1578 4588 1664 4654 enim
1691 4609 1733 4650 ns

281 4686 348 4752 illic
370 4684 502 4772 quidam
523 4685 655 4754 barbari
677 4699 710 4756 et
731 4689 829 4754 rudes
850 4690 998 4755 homines
1013 4689 1132 4755 mentis
1148 4688 1319 4775 caliginem
1342 4692 1438 4777 plane
1459 4689 1622 4776 depellere
1644 4687 1731 4754 vala-

282 4790 377 4873 bant,
400 4797 510 4856 tamen
530 4793 729 4858 mcxhausta
751 4793 801 4856 vis
825 4791 1062 4859 Germanarum
1088 4792 1252 4878 gentium,
1280 4803 1444 4885 tamquam
1466 4791 1548 4860 felix
1570 4790 1733 4860 sarculum
