3800 5474
295 318 370 372 LXII
389 377 392 384 ,
873 313 1155 372 PROLEGOMENA.

297 462 524 548 inaequalibus
546 463 655 548 potius
677 483 774 549 quam
796 461 959 528 similibus
975 461 1119 550 strophis
1135 471 1210 549 post
1225 482 1340 528 versus
1361 461 1558 548 psalmorum
1583 461 1754 528 148-150

297 575 329 628 et
343 563 596 630 exclamationes
618 565 710 631 Δόξα
724 566 821 645 πατρὶ
842 565 892 630 καὶ
914 564 972 648 υἱῷ
994 565 1044 630 καλ
1066 565 1147 650 ἁγίῳ
1169 559 1324 646 πνὶύματι
1347 573 1379 628 et
1404 564 1458 629 Καὶ
1480 569 1539 631 νῦν
1562 566 1613 630 καὶ
1635 565 1685 632 ἀεὶ
1699 567 1754 632 καὶ

298 668 343 732 εἰς
364 667 441 732 τοὺς
462 666 583 732 αἰῶνας
604 671 671 733 τῶν
694 665 823 732 αἰώνων
846 666 896 730 uti
918 661 1168 730 consueverunt.

384 785 564 867 Κάθιςμα.
608 784 682 850 Hoc
704 784 842 870 verbum
869 783 1019 870 inprimis
1042 784 1150 850 animo
1173 805 1245 848 meo
1265 783 1513 870 obversabatur,
1538 803 1612 848 cnm
1635 786 1750 849 carmi·

295 907 373 951 num
401 885 695 952 ecclesiastieorum
723 887 856 950 nomina
881 886 980 950 rebus
1014 886 1148 950 mutatis
1175 884 1348 950 obscurata
1376 905 1448 949 esse
1475 885 1557 950 dixi.
1601 884 1753 973 Namque

297 987 340 1050 ab
367 986 567 1073 etymologia
596 986 766 1069 vocabuli,
796 985 883 1073 quod
909 1007 929 1048 a
957 985 1058 1050 verbo
1086 985 1222 1051 sedendi
1251 989 1323 1069 (τοῦ
1345 987 1536 1072 καθίζεςθαι)
1564 986 1751 1051 derivatum

297 1109 368 1152 esse
396 1096 501 1175 patet,
529 1088 667 1176 proiecti
696 1086 780 1151 nihil
809 1086 852 1152 ad
880 1089 948 1151 eius
979 1087 1045 1150 vim
1072 1088 1331 1172 cognoscendam
1355 1088 1528 1153 lucramur.
1574 1089 1753 1172 Καθίςματα

292 1190 383 1253 enim
411 1188 511 1275 vulgo
538 1191 682 1277 troparia
709 1187 942 1274 intelleguntur
969 1197 1112 1276 etqnae
1138 1197 1214 1276 post
1240 1191 1369 1254 tertiam
1392 1199 1449 1282 aut
1469 1199 1543 1276 post
1564 1191 1696 1256 tertiam
1719 1201 1753 1256 et

297 1301 424 1356 sextam
446 1311 607 1378 quamque
636 1289 731 1355 odam
758 1311 916 1356 canonum
944 1289 1202 1373 intertexuntur‚
1226 1300 1258 1355 et
1279 1311 1363 1377 quae
1384 1291 1417 1355 in
1439 1291 1609 1356 matutinis
1632 1291 1753 1358 officiis

298 1392 497 1480 psalmorum
525 1393 722 1477 tripertitam
750 1392 974 1456 recitationem
1003 1393 1215 1473 (ςτιχολογίας
1238 1392 1267 1458 α’
1290 1392 1317 1473 β’
1337 1392 1381 1478 γ’)
1410 1391 1582 1475 claudunt,
1613 1402 1645 1458 ct
1667 1414 1753 1481 quae

297 1495 332 1557 in
354 1493 463 1559 officio
486 1492 616 1557 sabbati
638 1514 777 1578 magnae
798 1491 1012 1558 hebdomadis
1035 1503 1109 1579 post
1129 1502 1195 1558 tres
1212 1494 1369 1558 stationes
1386 1496 1603 1559 encomiorum
1619 1495 1750 1578 (Triod.

297 1619 328 1683 p.
350 1595 428 1679 408)
456 1604 640 1660 cantantur.
684 1595 739 1660 Sic
766 1593 962 1660 cathismata
989 1595 1055 1661 Ῐόν
1077 1595 1184 1676 τάφον
1206 1615 1264 1661 coo
1286 1597 1392 1675 ςωτήμ
1420 1593 1513 1680 (vide
1534 1617 1566 1682 p.
1588 1596 1645 1679 54)
1675 1607 1751 1684 post

297 1695 436 1782 primam
458 1695 685 1780 stichologiam
708 1695 825 1762 diebus
848 1696 1039 1777 dominicis,
1069 1696 1105 1761 Ἡ
1129 1699 1233 1777 μνήμη
1257 1717 1314 1763 ςου
1336 1697 1448 1764 ἔνδοξε
1471 1697 1518 1782 (ν.
1542 1719 1573 1783 p.
1596 1696 1653 1783 58)
1676 1708 1751 1784 post

297 1798 436 1884 primam
458 1806 490 1861 et
512 1798 577 1864 Τὸν
600 1799 856 1877 ςυμπαθέςτατον
880 1795 925 1881 (ν.
950 1819 982 1882 p.
1004 1797 1058 1879 bl)
1087 1806 1162 1883 post
1184 1798 1313 1862 tertiam
1335 1796 1563 1883 stichologiam
1586 1797 1640 1864 die
1662 1798 1750 1864 festo

298 1898 331 1963 S.
354 1897 531 1980 Demetrii,
555 1899 679 1965 (ινδόνι
702 1903 824 1983 καθαρᾷ
846 1900 896 1964 καὶ
917 1899 1059 1980 ἀρῶμαςι
1074 1899 1171 1964 θείοις
1186 1898 1233 1985 (v.
1249 1899 1349 1987 p.55)
1372 1909 1447 1986 post
1467 1899 1617 1964 encomia
1637 1902 1748 1986 magni

298 1998 427 2065 sabbati
443 2009 626 2064 cantantur.
671 2000 729 2066 Sin
745 2011 855 2065 autem
877 2019 934 2063 cur
949 1997 1006 2062 illa
1026 1999 1173 2064 carmina
1195 2000 1335 2065 sessoria
1350 2001 1549 2084 (καθὶςματα)
1571 2000 1661 2066 dicta
1682 2001 1749 2066 sint

298 2101 513 2188 quaesiveris,
542 2122 660 2167 nomen
687 2103 789 2183 ὕμνου
818 2102 985 2167 ereetum
1008 2109 1040 2165 et
1062 2103 1181 2168 ςτάςεις
1207 2108 1275 2168 τῶν
1297 2107 1435 2184 ψαλμῶν
1457 2103 1491 2168 in
1513 2111 1635 2170 rectam
1658 2105 1746 2168 viam

296 2211 330 2267 te
357 2201 529 2268 deducent.
574 2203 621 2268 Ut
653 2205 741 2269 enim
769 2203 872 2286 ὕμνον
905 2202 1073 2270 ἀκὰθιςτον
1105 2202 1182 2267 inde
1214 2203 1456 2269 denominatum
1485 2225 1556 2270 esse
1583 2207 1746 2288 novimus,

297 2304 384 2392 quod
407 2311 532 2368 stantes
555 2325 629 2368 eum
651 2303 836 2370 recitabant
857 2303 950 2388 (vide
971 2325 1004 2390 p.
1027 2302 1144 2389 LIII),
1168 2305 1215 2369 sic
1236 2305 1408 2387 κάθιςματα
1429 2305 1487 2370 illa
1507 2308 1652 2394 tropario
1673 2307 1747 2372 ideo

175 2401 182 2418 '
296 2404 384 2470 dicta
407 2427 479 2472 esse
501 2407 571 2472 veri
593 2404 700 2470 simiIe
722 2413 787 2488 est,
811 2399 897 2490 quod
910 2405 1099 2491 antiquitus
1122 2403 1273 2471 sedentes
1296 2427 1335 2470 ea
1356 2407 1541 2472 cantabant.
1574 2407 1654 2474 Hoc
1669 2429 1746 2473 vero

296 2507 444 2594 inprimis
473 2527 515 2572 ex
543 2505 704 2592 colloquio
732 2507 831 2571 trium
852 2505 1008 2571 abbatum
1030 2508 1065 2570 in
1093 2515 1202 2572 monte
1224 2506 1305 2573 Sina
1325 2508 1476 2574 instituto
1499 2510 1547 2593 (v.
1571 2533 1603 2597 p.
1626 2509 1745 2596 XXX)

229 2622 234 2631 ·
295 2606 555 2696 apparet,-quod
578 2606 774 2696 colloquium
796 2627 894 2693 saepe
915 2629 1048 2672 numero
1076 2607 1141 2670 iam
1169 2607 1212 2672 ad
1234 2607 1389 2674 obscuras
1410 2611 1532 2675 rituum
1554 2631 1744 2696 graecorum

295 2719 405 2796 partes
437 2708 632 2796 aperiendas
662 2709 881 2775 adhibuimus.
931 2706 1016 2774 Tum
1050 2709 1136 2772 enim
1172 2711 1327 2796 temporis
1359 2713 1394 2777 in
1426 2712 1594 2778 nocturnis
1627 2713 1744 2779 officiis

296 2814 436 2898 psalmos
458 2812 493 2876 in
507 2819 574 2875 tres
589 2819 698 2897 partes
714 2806 839 2876 divisos
848 2812 880 2896 ¹⁸)
895 2811 944 2875 ita
958 2808 1152 2893 recitabant,
1174 2822 1211 2875 ut
1232 2820 1306 2896 post
1327 2833 1587 2901 unamquamque
1607 2825 1743 2900 partem,

296 2933 393 2998 quam
421 2913 525 2979 ςτάςιν
552 2911 720 2993 dicebant,
749 2911 806 2977 clii
835 2909 1005 2997 epistolam
1038 2898 1201 2996 legerent,
1234 2911 1291 2977 alii
1318 2916 1496 2996 τροπὰριον
1524 2915 1743 2997 ἀναπαύςιμον

294 3013 537 3079 intercinerent.
581 3011 671 3093 Quid
694 3011 772 3076 inde
792 3021 1041 3078 consectaneum
1064 3013 1136 3078 est?
1179 3013 1340 3078 Nimirum
1363 3015 1527 3098 homines,
1557 3015 1636 3082 dum
1659 3017 1743 3104 psal·

295 3137 366 3180 mos
388 3115 579 3196 recitarent,
602 3115 748 3196 stetisse,
772 3112 850 3177 dum
873 3113 1016 3200 troparia
1038 3125 1205 3195 canerent,
1228 3114 1379 3180 sedentes
1398 3117 1610 3202 requievisse,
1634 3128 1668 3184 et
1681 3128 1743 3184 tro·

295 3217 387 3304 paria
407 3217 481 3304 ipsa
502 3215 545 3280 ab
566 3213 712 3280 sedendo
733 3216 904 3295 καθίςματα
926 3217 1093 3280 nominata
1114 3236 1197 3280 esse.
1235 3215 1327 3282 Haec
1346 3217 1456 3282 autem
1478 3217 1631 3285 vocabuli
1653 3221 1745 3305 origo

294 3340 427 3407 prorsus
455 3318 519 3382 iam
546 3317 718 3382 obscurata
740 3325 773 3381 et
794 3314 969 3382 obliterata
995 3326 1059 3397 est,
1086 3317 1246 3402 siquidem
1274 3339 1361 3384 nunc
1389 3321 1550 3386 contrario
1577 3321 1674 3388 modo
1696 3321 1744 3386 in·

294 3422 444 3487 stitutum
472 3428 537 3503 est,
565 3428 602 3485 ut
631 3417 709 3484 dum
738 3416 948 3504 stichologias
976 3419 1132 3501 recitant,
1156 3418 1309 3502 sedeant,
1332 3419 1409 3484 dum
1431 3441 1548 3486 cancre
1569 3423 1745 3510 incipiunt,

294 3545 313 3588 e
333 3521 494 3588 sedilibus
516 3530 706 3606 exstrrgant.
735 3521 828 3601 Quae
850 3541 924 3586 cum
938 3521 987 3585 ita
1001 3521 1084 3604 sint,
1106 3521 1140 3584 in
1156 3519 1311 3606 psalterio
1327 3541 1455 3608 quoque
1469 3521 1587 3608 psalmi
1603 3523 1746 3590 Davidis

294 3646 356 3690 non
380 3626 444 3689 iam
467 3623 501 3687 in
522 3631 590 3686 tres
611 3623 743 3699 ςτάςεις,
773 3620 888 3686 sedin
910 3623 1030 3708 viginti
1051 3623 1224 3704 καθίςματα
1245 3621 1344 3708 vulgo
1371 3622 1581 3707 dividuntur,
1610 3646 1676 3712 qua
1703 3627 1745 3692 de

295 3745 329 3788 re
351 3723 437 3789 conf.
460 3723 527 3787 Leo
549 3720 709 3787 Allntium
731 3721 773 3788 de
794 3721 888 3788 libris
911 3721 1026 3788 eccles.
1049 3723 1195 3789 Graecae
1216 3745 1248 3810 p.
1270 3725 1324 3790 bb.

380 3841 523 3909 Κανῶν.
560 3840 613 3905 De
634 3838 747 3928 Scylla
768 3840 801 3904 in
825 3839 1029 3930 Charybdim
1051 3840 1243 3925 incidimus3
1266 3863 1286 3906 a
1307 3841 1438 3906 nomine
1460 3844 1546 3908 enim
1569 3843 1745 3911 obscurato

293 3942 336 4007 ed
358 3964 475 4008 nomen
497 3942 604 4029 spissa
625 3940 766 4028 caligine
787 3943 1019 4009 circumfusum
1042 3943 1244 4008 devenimus.
1287 3944 1397 4030 Atque
1424 3945 1572 4034 primum⁴
1586 3946 1745 4032 omnium,

363 4229 390 4297 l)
409 4233 462 4284 Hic
480 4247 538 4286 mos
556 4231 676 4300 psalmos
687 4227 830 4286 dividendi
843 4235 898 4288 iem
910 4235 939 4284 ln
951 4233 1068 4286 concssio
1080 4227 1247 4286 Laodicensl
1261 4236 1467 4288 commendatur
1478 4250 1586 4288 canone
1598 4235 1729 4288 XXXVII
1735 4253 1743 4290 :

294 4317 357 4384 περὶ
374 4318 427 4370 τοῦ
446 4317 484 4384 μὴ
502 4317 561 4372 δεῖν
579 4315 778 4390 ἐπιςανάτςτειν
795 4317 828 4372 ἐν
844 4321 906 4372 ταῖς
925 4316 1055 4372 conditu.
1067 4316 1135 4371 τοὺς
1147 4317 1289 4386 ψαλμοὺς,
1308 4318 1610 4384 attemperaveris·
1624 4319 1745 4374 ἕκαςτον

293 4401 407 4468 ψαλμὸν
424 4399 546 4466 γίνεςθαι
563 4399 734 4469 ἀνάγνωςιν,
755 4392 833 4469 ¹quod
852 4409 1029 4470 praeceptum
1049 4405 1089 4456 sic
1108 4410 1338 4457 commentantur:
1366 4405 1428 4456 τῶν
1449 4405 1571 4470 ψαλμῶν
1589 4403 1744 4470 ἀναγινως-

293 4485 425 4552 κομὲνων
451 4487 522 4539 λαοο
541 4485 764 4551 ’ἀποκάμνοντας
787 4487 943 4540 κάντεῦθεν
964 4486 1140 4554 ἀκηδιῶντος
1162 4487 1220 4542 ἀπὸ
1242 4488 1406 4542 τοῦκόπου
1425 4487 1744 4556 καίὲξερχομένουτής

292 4569 452 4637 ἑκκληςίας,
479 4570 627 4637 hercusot
645 4571 764 4639 πατέρες
791 4573 828 4638 μὴ
855 4575 1004 4625 ςυναπτῶς
1027 4571 1059 4625 ἐν
1076 4577 1136 4626 ταῖς
1155 4571 1296 4627 caudicem
1313 4573 1499 4639 ὲκφωνεῖτθαι
1516 4572 1586 4627 τοὺς
1603 4573 1745 4640 ψαλμοὺς,

292 4653 364 4708 ἀλλὰ
387 4655 430 4708 διὰ
456 4655 541 4720 μέςου
566 4654 689 4718 *stretton
716 4657 760 4709 καὶ
787 4655 957 4720 troaden<
979 4655 1025 4710 ἐπὶ
1046 4661 1090 4724 τῷ
1112 4656 1302 4712 ἀναπαύεςθαι
1323 4657 1377 4712 τὸν
1399 4657 1470 4711 λαὸν
1487 4658 1559 4724 πρὸς
1578 4657 1679 4725 μικρὸν
1696 4659 1743 4712 καλ

292 4738 377 4792 πάλιν
394 4737 521 4805 ψάλλειν.
