3800 5474
816 397 1029 452 annumero.
1616 372 1644 456 v

193 548 303 633 aprico
326 546 435 632 posita
455 555 534 610 erat.
577 544 624 610 Ut
651 545 735 610 enim
764 565 875 608 eorum
904 541 1063 625 colorum,
1092 565 1175 631 quae
1203 545 1344 631 speciem
1366 547 1568 632 anapaestici
1591 546 1644 613 vel

192 645 346 734 dactylici
375 647 499 712 numeri
526 647 716 727 induerunt,
746 667 856 710 omnes
885 646 955 710 lere
982 645 1082 730 pedes
1110 656 1248 711 accentu
1277 645 1451 732 significati
1474 658 1568 731 sunt,
1597 650 1645 714 ita

190 748 288 834 longe
310 747 457 835 plurimis
479 750 512 814 in
535 747 685 812 versibus
708 747 879 834 plerosque
902 756 1055 814 accentus
1078 746 1166 812 nullo
1187 747 1301 813 ordine
1323 747 1498 832 fluctuare,
1521 772 1643 836 paucos

191 854 299 916 certae
322 849 392 915 sedi
415 849 590 914 adhaerere
612 849 761 934 cognovi.
932 837 935 844 ⁴
1280 921 1285 932 ⁸
1669 853 1674 864 '

275 952 449 1016 Praeterea
475 950 573 1016 aliam
601 973 666 1016 rem
695 974 716 1015 a
743 951 834 1016 Pitra
861 949 1043 1035 neglectam
1071 961 1236 1038 tamquam
1268 973 1327 1038 per
1358 952 1512 1020 nebulam
1545 961 1642 1039 atque

190 1053 362 1139 caliginem
394 1075 526 1118 cernere
557 1051 637 1116 mihi
669 1053 760 1118 visus
794 1074 876 1117 sum.
930 1050 1081 1118 Aliorum
1114 1053 1200 1118 enim
1230 1053 1466 1118 versiculorum
1496 1055 1643 1120 confiniis

190 1155 329 1220 mediam
352 1155 544 1220 sententialn
566 1153 654 1220 haud
676 1177 750 1218 raro
773 1154 881 1219 dirimi
902 1175 962 1218 nec
985 1177 1047 1219 non
1070 1156 1236 1220 nominum
1260 1155 1510 1241 compositorum
1533 1166 1642 1242 partes

189 1256 344 1339 discindi,
374 1256 511 1322 aliorum
534 1279 608 1321 cnm
630 1256 750 1320 finibus
773 1258 927 1320 maiorem
955 1278 1084 1342 quoque
1111 1258 1405 1342 interpunctionem
1428 1266 1554 1322 tantum
1576 1281 1640 1326 non

188 1380 317 1445 sempor
338 1360 545 1424 coniunctam
567 1379 639 1422 esse
661 1359 971 1439 animadverteram
994 1358 1069 1423 inde
1092 1379 1206 1422 versus
1229 1380 1293 1422 non
1316 1373 1427 1422 omnes
1450 1359 1639 1443 parimodo

188 1459 436 1545 disiungendos,
460 1457 518 1524 sed
541 1459 649 1544 plures
672 1455 705 1524 in
728 1459 929 1543 singulamm
952 1458 1158 1544 periodorum
1183 1460 1372 1524 societatem
1393 1460 1639 1544 coniungendos

189 1585 263 1626 esse
286 1584 323 1628 eo
346 1564 465 1628 certius
489 1560 651 1655 conclusi,
679 1583 743 1646 quc
770 1562 875 1646 magis
896 1560 977 1626 hacc
1000 1561 1083 1626 ratio
1106 1570 1139 1626 ct
1160 1561 1279 1626 veteris
1303 1562 1410 1646 poesis
1433 1560 1585 1647 analogia
1607 1574 1639 1629 ct

190 1665 264 1751 ipsa
285 1673 400 1730 cantus
423 1674 541 1728 natura
562 1661 747 1730 confirmari
770 1662 955 1727 videbatur.

274 1765 366 1830 Haec
389 1787 463 1830 cum
485 1765 593 1830 animo
616 1762 805 1829 volutabam
828 1773 861 1828 et
882 1763 1002 1830 veteris
1026 1763 1217 1849 disciplinae
1245 1765 1399 1830 metricae
1422 1765 1569 1851 vestigiis
1592 1768 1640 1831 in·

189 1859 307 1932 sistens
330 1866 530 1952 singularum
554 1863 689 1930 odarum
711 1864 904 1951 celantque
926 1865 1076 1950 periodos
1089 1864 1279 1949 vulgaribus
1294 1867 1379 1930 notis
1402 1865 1640 1950 describebam,

189 1969 303 2034 doctus
332 1967 463 2055 quidam
491 1967 620 2032 iuvenis
648 1965 810 2044 Graecus,
842 1965 945 2031 Math.
974 1966 1166 2048 Paranicas,
1199 1968 1291 2032 cuius
1319 1967 1513 2032 iudustriam
1538 1979 1639 2054 atquc

188 2069 400 2135 multifariam
423 2069 605 2134 doctrinam
626 2071 691 2134 iam
720 2077 818 2133 antea
845 2090 1079 2153 cognoveram,
1107 2091 1159 2134 mc
1185 2069 1362 2135 salutatum
1384 2069 1484 2134 venit.
1530 2069 1640 2136 Pauca
1670 2079 1673 2087 “

188 2173 287 2256 igitur
310 2169 351 2235 de
372 2169 456 2252 aliis,
479 2171 661 2256 dequibus
684 2172 876 2236 sententiam
900 2193 950 2234 me
972 2181 1162 2256 rogaverat,
1191 2170 1288 2236 rebus
1310 2169 1542 2236 confabulatus
1570 2193 1637 2236 scr·

96 2329 99 2336 .
187 2295 313 2338 monem
336 2273 378 2338 ad
401 2295 456 2338 eas
479 2275 686 2358 quaestiones
710 2271 878 2354 transtuli,
907 2272 949 2336 ad
971 2294 1052 2359 quas
1076 2271 1293 2338 enucleandas
1316 2281 1403 2337 totus
1425 2283 1494 2338 tum
1516 2273 1638 2338 incum-

188 2374 315 2441 bebam.
360 2373 420 2438 Ille
442 2374 651 2460 cupidissime
673 2395 724 2438 mc
747 2374 787 2438 de
809 2371 995 2454 cantilenis,
1018 2397 1098 2458 quas
1121 2394 1202 2459 puer
1224 2373 1400 2456 didicerat,
1424 2363 1636 2440 disserentem

187 2476 300 2540 andire
328 2485 361 2541 et
390 2477 528 2561 primum
560 2474 668 2557 vultu,
702 2485 771 2539 tum
801 2497 880 2540 voce
908 2476 1110 2559 significare,
1143 2483 1341 2562 quantopere
1369 2477 1511 2542 rationes
1538 2499 1558 2540 a
1584 2500 1636 2541 mc

187 2579 368 2664 propositas
390 2578 627 2664 comprobaret.
665 2575 756 2656 Quid
779 2575 907 2640 multa?
943 2576 1023 2640 Alta
1049 2578 1114 2641 iam
1144 2599 1224 2641 voce
1252 2576 1463 2643 celeberrima
1492 2579 1638 2644 carmina

185 2691 317 2746 cantare
346 2701 482 2745 exorsus
511 2689 598 2744 recte
632 2679 703 2743 cola
736 2699 774 2744 ac
807 2677 958 2762 periodos
985 2700 1037 2741 me
1064 2677 1248 2761 diremisse,
1277 2688 1310 2742 ct
1336 2679 1415 2764 quid
1443 2689 1635 2745 accentuum

145 2778 150 2790 '
185 2791 360 2848 concentus
388 2781 422 2845 in
449 2778 590 2846 melodia
618 2777 759 2861 valeret,
792 2777 1048 2844 luculentissime
1081 2780 1326 2846 demonstravit.
1371 2781 1503 2845 Summo
1535 2783 1636 2866 igitur

185 2883 303 2966 gaudio
326 2882 477 2969 perfusus
504 2904 571 2946 rem
601 2880 739 2947 feliciter
761 2891 793 2946 ct
813 2879 980 2946 in'vcntam
1003 2891 1036 2946 et
1056 2881 1299 2967 comprobatam
1321 2880 1461 2969 amplius
1483 2887 1634 2971 persequi

185 2983 350 3070 literisque
377 2985 533 3048 mandare
561 2982 730 3062 constitui,
759 2992 792 3048 et
812 2981 980 3068 praeclaro
1003 2982 1152 3069 exemplo
1177 2981 1326 3064 edoctus,
1358 2991 1515 3068 quantum
1538 2986 1634 3050 vivae

186 3087 275 3150 vocis
298 3085 417 3171 peritia
438 3085 612 3150 umbratici
634 3084 775 3150 doctoris
804 3091 987 3150 commenta
1012 3082 1263 3166 adiuvarentur,
1292 3083 1482 3150 Paranicam
1511 3088 1634 3152 socium

184 3186 305 3252 laboris
327 3187 464 3252 adscivi.
1025 3175 1027 3180 ⁸

266 3289 377 3374 Atque
400 3290 538 3374 primum
561 3287 691 3374 quidem
720 3287 848 3353 modica
874 3290 1145 3354 commentatione
1165 3287 1361 3353 lineamenta
1383 3288 1461 3354 artis
1486 3289 1632 3376 byzanti-

184 3412 297 3456 norum
325 3400 494 3476 pcetarum
524 3389 721 3456 adumbrare
749 3390 973 3475 exemplisque
1000 3411 1177 3475 paucorum
1205 3391 1385 3454 carminum
1413 3388 1576 3455 illustrare
1598 3392 1631 3454 in

182 3493 288 3558 animo
315 3491 493 3574 habebam3
527 3513 603 3556 rnox
636 3501 745 3558 tamen
778 3491 906 3575 exiguis
940 3490 1178 3554 dissertationis
1211 3489 1370 3574 angustiis
1403 3511 1454 3553 mc
1486 3492 1629 3555 virorum

182 3595 348 3660 doctorum
377 3591 449 3658 usui
478 3615 592 3680 parum
618 3603 866 3681 prospecturum
894 3613 965 3656 csse
991 3591 1147 3657 intellexi.
1192 3591 1305 3676 Neque
1333 3591 1419 3654 enim
1441 3589 1630 3656 commodus

181 3695 325 3761 delectus
357 3694 551 3782 hymnorum
588 3695 850 3775 christianorum,
887 3715 951 3780 quo
987 3693 1126 3758 lectores
1159 3692 1360 3778 delegarem,
1393 3692 1564 3775 exstabat,
1599 3703 1631 3758 et

182 3798 402 3862 voluminosac
430 3796 588 3862 editiones
617 3797 763 3863 Venetae
795 3794 1021 3878 Menaeorurn,
1056 3793 1198 3875 Triodii,
1230 3793 1469 3859 Pentecostarii
1501 3794 1630 3879 privato

180 3922 280 3966 censu
301 3899 440 3963 maiores
462 3921 534 3964 esse
556 3897 764 3964 videbantur.
809 3895 1072 3977 Quamobrem
1102 3897 1182 3962 fines
1206 3895 1279 3960 libri
1303 3895 1465 3981 prolatare
1488 3907 1521 3962 ct
1542 3919 1627 3961 corn·

181 4001 409 4066 mentationem
432 3999 473 4064 de
494 3995 566 4064 arte
580 4000 715 4064 metrica
732 4009 764 4064 et
779 4001 904 4064 musica
926 3999 1176 4087 byzantinorum
1198 3996 1399 4062 melodorum
1421 4019 1495 4063 curn
1517 3997 1628 4062 antho-

179 4101 267 4188 logia
287 4123 406 4186 graeca
427 4102 606 4166 carminum
629 4100 877 4166 christianorum
899 4103 1097 4185 coniungere
1124 4099 1270 4166 decrevi:
1300 4097 1438 4165 arduum
1467 4098 1628 4165 mehercle

180 4214 213 4269 et
236 4202 435 4269 laboriosum
461 4225 559 4289 opus,
595 4202 682 4289 quod
713 4202 769 4268 diu
795 4200 973 4268 reluctatus
1002 4213 1035 4267 et
1062 4224 1166 4289 paene
1192 4202 1317 4290 invitus
1346 4201 1484 4286 suscepi.
1533 4201 1628 4266 Nova

179 4307 265 4370 enim
287 4306 394 4390 spatia
415 4303 511 4385 mihi,
534 4313 584 4370 tot
605 4305 768 4390 tantisque
790 4305 929 4388 negotiis
952 4305 1095 4389 alioquin
1117 4303 1288 4384 distracto,
1311 4300 1535 4387 permetienda
1556 4323 1626 4367 esse

178 4406 326 4473 intellexi
352 4416 385 4471 et
413 4407 554 4471 animum
582 4427 688 4470 mcum
722 4416 870 4473 veterum
899 4406 1093 4491 scriptorum
1121 4403 1221 4468 libros
1249 4402 1626 4489 elegantissimornmque

178 4517 347 4594 poetarum
370 4508 514 4572 carmina
535 4509 569 4573 in
590 4507 717 4573 deliciis
739 4507 911 4572 habentem
933 4516 1069 4591 gravate
1092 4505 1134 4569 ad
1155 4504 1216 4570 hoc
1238 4506 1404 4570 literarum
1425 4525 1527 4589 genus
1550 4525 1624 4568 avo·

178 4613 261 4676 cavi.
304 4609 420 4696 Neque
447 4609 507 4675 hoc
535 4612 583 4674 ita
611 4609 699 4691 dico,
729 4618 896 4694 tamquam
925 4606 1121 4673 christianae
1144 4606 1311 4672 doctrinae
1332 4607 1527 4690 gravitatem
1549 4629 1623 4671 curn

177 4711 345 4776 Musarum
368 4710 487 4776 deeora
508 4710 615 4796 gratia
636 4711 788 4795 coniungi
811 4732 906 4796 posse
922 4731 1054 4795 negem,
1077 4718 1134 4774 aut
1156 4730 1268 4774 sacrae
1289 4708 1398 4794 poesis
1420 4709 1622 4774 maiestatem

177 4835 257 4900 prae
276 4814 410 4880 levitate
432 4813 642 4900 profanorum
663 4811 843 4877 carminum
869 4831 1019 4898 spernam
1041 4820 1138 4899 atque
1159 4819 1374 4878 contemnam.
1419 4809 1522 4876 Immo
1545 4831 1622 4876 vero
1656 4845 1664 4855 ν
