3800 5474
244 425 252 446 l
279 361 422 418 XXXVIII
858 355 1141 412 PROLIJGOMENA.

280 507 408 595 amplus
431 527 582 570 numerus
606 445 782 570 idiomelon
804 511 954 586 testatur,
977 523 1059 589 quae
1079 500 1212 588 quidem
1235 501 1277 568 ab
1299 502 1363 566 hac
1385 523 1419 567 rc
1442 503 1532 588 ipsa,
1555 503 1642 588 quod
1664 525 1736 590 pro·

280 611 377 698 priis,
400 631 466 674 non
489 605 656 672 veteribus
679 605 785 670 modis
807 614 922 691 aptata
944 615 1052 682 crant,
1077 604 1307 688 cognominata
1330 613 1416 669 sunt.

366 712 446 776 Post
468 706 677 773 undecimum
701 705 866 772 saeculum
890 706 1030 771 fecunda
1052 713 1221 793 poetarum
1237 702 1534 771 ecclesiasticorum
1550 727 1636 770 vena
1657 727 1735 792 pau·

282 815 374 880 latIm
397 810 535 888 deficere
558 818 591 874 et
613 830 803 874 exarescere
826 810 944 895 coepit.
988 807 1058 874 Nec
1080 807 1198 872 mirum
1218 804 1301 872 illud
1324 806 1473 894 quidem3
1504 829 1579 872 nam
1607 808 1736 872 canoni·

280 916 343 982 bus
366 923 399 978 et
420 911 603 978 minoribus
627 907 826 975 carminibus
848 931 952 998 paene
966 910 1145 976 innumeris
1160 909 1258 974 lactis
1280 919 1313 975 et
1334 910 1423 974 omni
1444 908 1579 976 laudum
1601 911 1738 976 materia

282 1016 443 1084 exhausta
459 1023 574 1102 poetae
589 1035 654 1079 non
670 1011 853 1096 habebant,
875 1012 910 1076 in
926 1034 989 1097 quo
1005 1010 1145 1098 amplius
1162 1011 1247 1076 vires
1265 1019 1465 1090 exercerent.
1497 1009 1572 1076 Huc
1586 1013 1737 1094 accessit,

283 1116 371 1207 quod
393 1116 519 1181 decimo
542 1113 671 1180 sacculo
694 1112 828 1203 publice
842 1113 1035 1178 auctoritate
1050 1112 1144 1196 libri,
1168 1113 1224 1200 qui
1239 1111 1450 1178 celeberrima
1464 1113 1607 1180 omnium
1622 1111 1736 1179 solem·

283 1222 424 1286 nitatum
446 1217 592 1283 earmina
620 1214 691 1298 vcl,
719 1227 761 1280 ut·
777 1217 903 1299 graecis
927 1212 1096 1281 vocabulis
1118 1225 1209 1298 utar,
1238 1216 1429 1283 ἀκολουθίαε
1455 1217 1627 1301 ᾁεματικὰε
1654 1239 1737 1282 com-

285 1321 524 1411 plectebantur,
548 1319 700 1404 componi
721 1317 829 1404 coepti
852 1325 938 1382 sunt.
976 1315 1131 1381 Carmina
1144 1339 1222 1382 vero
1245 1317 1296 1383 his
1319 1316 1424 1400 libris,
1448 1340 1585 1404 quorum
1607 1321 1738 1385 nomina

284 1434 317 1490 et
344 1429 535 1508 argumenta
563 1420 600 1483 in
627 1417 771 1484 secundo
800 1417 884 1484 libro
912 1416 1079 1484 enucleate
1107 1415 1325 1506 exponemus,
1354 1430 1486 1508 recepta
1519 1422 1554 1486 in
1587 1421 1737 1487 omnibus

286 1525 434 1591 ecelesiis
457 1520 691 1605 cantabantur,
713 1520 801 1586 unde
823 1542 862 1585 oa
883 1518 1052 1587 Oedrenus
1075 1543 1107 1608 p.
1129 1520 1193 1586 456
1207 1522 1240 1586 D
1262 1523 1303 1587 τὰ
1324 1523 1360 1588 ἐν
1382 1527 1453 1590 ταῖς
1475 1524 1650 1606 ἐκκληςίαιε
1671 1529 1738 1593 τῶν

286 1631 483 1709 Χρκτιανῶν
511 1625 721 1706 τετυπωμένα
748 1623 926 1706 ψάλλεεθαι
949 1621 1045 1687 dixit.
1090 1621 1186 1703 Quae
1208 1644 1282 1688 oum
1305 1625 1352 1690 ita
1373 1633 1496 1710 essent,
1519 1648 1652 1713 operam
1673 1649 1740 1692 non

285 1728 421 1818 perdere
444 1748 510 1791 non
537 1734 703 1814 poterant,
731 1727 788 1811 qui
816 1746 875 1790 sua
897 1747 991 1789 musa
1012 1725 1157 1790 carmina
1179 1727 1342 1790 communi
1364 1748 1524 1792 consensu
1545 1728 1685 1814 probata
1707 1739 1741 1795 et

285 1851 412 1898 summa
433 1838 603 1894 auctuum
624 1827 819 1894 auctoritate
842 1825 1066 1891 commendata
1087 1826 1159 1892 loco
1181 1848 1313 1892 movere
1339 1829 1542 1896 molirentur.
1586 1830 1631 1895 Et
1652 1832 1740 1917 quod

284 1933 502 1999 certissimum
524 1953 627 1997 venae
649 1939 819 2017 poctarum
842 1929 1063 1994 exarescentis
1086 1928 1315 1995 documentum
1336 1951 1409 1995 esse
1431 1929 1529 2013 solet,
1552 1933 1617 1996 iam
1638 1933 1739 1997 unde·

285 2037 369 2101 cImo
392 2032 521 2098 saeculo
543 2033 578 2098 in
600 2041 727 2096 veteres
744 2053 884 2098 canones
900 2030 1055 2114 Oosmae,
1078 2029 1227 2114 Ioannis,
1251 2031 1462 2118 Theophanis
1486 2031 1631 2119 prolixos
1653 2056 1738 2098 com·

286 2137 461 2203 montarios
484 2133 689 2199 conscribere
711 2141 898 2226 coeperunt.
943 2132 998 2196 Sie
1020 2132 1184 2215 Zonaras,
1207 2153 1303 2219 quem
1325 2132 1425 2199 Alexi
1448 2134 1616 2200 Comnena
1637 2137 1739 2223 impe·

286 2248 394 2304 ratore
428 2235 679 2322 (1081-1118)
712 2234 862 2302 floruisse
895 2243 1038 2317 constat,
1072 2233 1113 2297 de
1147 2235 1326 2301 canonibus
1362 2237 1570 2302 anastasimis
1606 2237 1740 2302 loannis

286 2339 484 2406 Damasceni
506 2344 741 2403 commentatus
770 2345 836 2420 est,
860 2335 979 2423 quibus
1003 2357 1045 2401 cx
1067 2338 1305 2403 commentariis
1327 2340 1556 2424 gravissimam
1579 2361 1740 2404 commen·

286 2444 444 2509 tationem
471 2439 513 2504 de
541 2438 728 2506 nominibus
756 2439 894 2505 κακόνοι
921 2439 1032 2520 εἱρμοῦ
1061 2438 1239 2519 τροπαρίου
1267 2441 1302 2504 in
1328 2441 1430 2505 Beitr.
1454 2441 1487 2505 S.
1513 2443 1616 2506 1-10
1637 2463 1741 2528 nuper

286 2545 461 2611 edidimus.
508 2540 665 2629 Sequenti
692 2548 800 2606 autem
829 2539 958 2605 saeculo
982 2539 1172 2606 Theodorus
1195 2539 1393 2607 Prodromus
1417 2543 1575 2624 Ἐξήγηκιν
1598 2546 1642 2610 εἰ(
1664 2547 1742 2611 τοὺ(

286 2650 322 2715 ἐν
344 2651 413 2714 scic
434 2647 532 2713 θείακ
553 2646 604 2711 καὶ
626 2647 825 2710 δεαποτικαῑε
847 2643 973 2724 ἑορταί(
995 2643 1272 2724 μελουργηθένταε
1294 2644 1434 2712 κανόνα(
1456 2647 1543 2726 παρὰ
1557 2652 1623 2712 τῶν
1639 2647 1740 2724 ἁγίων

287 2751 340 2816 καί
361 2755 475 2830 κυφῶν
497 2750 654 2831 μελῳδῶν
686 2747 791 2825 uocas
819 2737 873 2812 καί
897 2745 1050 2812 Ἰωάννου
1077 2750 1136 2810 τοῦ
1163 2747 1378 2826 Δαμαεκηνοῦ
1406 2747 1616 2833 conseripsit,
1645 2769 1740 2834 quam

288 2853 323 2916 in
350 2849 550 2914 membranis
579 2869 683 2934 paene
709 2845 900 2934 aequalibus
929 2844 1147 2912 bibliothecae
1176 2845 1441 2913 vindobonensis
1470 2849 1543 2914 cod.
1570 2871 1619 2933 gr.
1643 2848 1740 2914 theol.

288 2977 320 3018 n.
346 2951 404 3018 121
433 2948 720 3038 perlustravimus,
748 2957 780 3014 et
802 2971 822 3012 a
844 2949 1005 3032 Gregorio
1033 2947 1202 3013 Corinthio
1228 2958 1359 3014 auctam
1385 2959 1483 3038 atquc
1511 2948 1742 3037 locupletatam

288 3057 323 3119 in
356 3052 469 3117 codice
502 3050 698 3137 bombycino
727 3049 915 3114 Monacensi
944 3048 1004 3134 (A)
1035 3047 1244 3136 perlegimus.
1287 3049 1375 3117 Raro
1407 3061 1517 3116 autem
1548 3063 1581 3118 ct
1613 3062 1743 3141 practer

197 3197 200 3210 ·
289 3153 558 3222 consuetudinem
579 3150 717 3234 accidit,
740 3159 777 3215 ut
791 3160 865 3238 post
880 3151 1023 3215 earmina
1037 3149 1260 3216 ecclesiastica
1275 3162 1388 3218 vetere
1409 3154 1444 3218 in
1465 3153 1559 3220 libris
1573 3155 1743 3239 Octoechi,

289 3255 433 3339 Triodii,
466 3254 678 3320 Menaeorum
709 3250 845 3318 collecta
872 3262 905 3318 ct
933 3254 1174 3318 commentariis
1208 3254 1354 3319 virorum
1382 3255 1552 3322 doctorum
1580 3255 1743 3321 illustrata

289 3360 471 3424 recentiora
498 3357 626 3420 cantica
653 3356 816 3420 communi
843 3377 1004 3420 consensu
1031 3356 1321 3442 comprobarentur
1346 3357 1620 3446 comprobataque
1648 3357 1742 3424 libris

289 3460 355 3526 illis
378 3459 543 3525 canonicis
566 3458 795 3522 insererentur.
841 3457 1008 3522 Eximium
1035 3456 1122 3523 huno
1148 3459 1303 3523 honorem
1326 3469 1440 3545 quarto
1463 3460 1589 3524 decimo
1611 3459 1742 3526 saeculo

289 3563 399 3628 meriti
426 3571 502 3625 sunt
529 3558 737 3642 Philotheus,
771 3557 971 3624 clarissimus
999 3558 1185 3646 patriarcha
1212 3559 1591 3648 Constantinopolitanae
1598 3611 1608 3645 ,
1630 3583 1742 3648 ¹quem

291 3663 484 3731 ἀκολουθία(
516 3663 686 3746 ᾀκματικὰ(
719 3659 752 3726 S.
783 3660 936 3746 Gregorii
963 3659 1115 3726 Palamae
1142 3663 1181 3744 (Τ
1182 3667 1271 3746 prmo.
1297 3662 1372 3745 170)
1401 3673 1433 3728 et
1462 3663 1495 3728 S.
1525 3661 1744 3729 Golinduehis

293 3765 447 3852 martyris
469 3764 536 3847 (13.
555 3761 634 3849 lul.)
657 3763 880 3850 composuisse
901 3761 1012 3827 ferunt
1034 3763 1184 3829 etmulti
1210 3763 1267 3828 alii
1290 3785 1431 3831 canones
1453 3764 1577 3830 codicis
1600 3763 1744 3831 Vindob.

293 3865 390 3934 theol.
413 3888 446 3930 n.
471 3866 530 3930 187
553 3874 718 3931 auctorem
739 3863 928 3953 perhibent,
953 3874 984 3928 et
1006 3863 1210 3951 Nicephorus
1233 3865 1483 3954 Xanthopulus,
1507 3865 1637 3932 Callisti
1658 3865 1745 3933 filius

293 3979 325 4036 et
353 3969 553 4050 (υναξαρίων
586 3975 700 4032 auctor
706 4015 717 4049 ,
751 3967 843 4030 cuius
872 3966 1067 4034 ἀκολουθίαν
1095 3967 1139 4034 sic
1165 3973 1221 4050 τὴν
1251 3969 1413 4036 Θεοτόκον
1446 3970 1532 4034 intra
1565 3970 1745 4033 carminum

293 4071 528 4137 Pentecostarii
550 4069 714 4134 delectum
736 4070 801 4132 iam
823 4069 1036 4132 constitutum
1058 4079 1173 4154 postea
1187 4079 1350 4158 receptam
1367 4093 1437 4134 csse
1452 4069 1599 4136 scholion
1613 4069 1746 4136 Pentec.

293 4197 324 4260 p.
344 4173 382 4238 15
398 4171 449 4238 his
471 4171 583 4237 verbis
605 4171 793 4235 adnotavit:
817 4171 984 4250 ψάλλομεν
1006 4172 1065 4250 τὴν
1087 4178 1253 4252 παροῡεαν
1276 4173 1469 4239 ἀκολουθίαν
1491 4175 1549 4254 τὴν
1570 4177 1747 4250 γεγονυῖαν

292 4277 381 4356 παρὰ
413 4275 523 4355 κυρίου
556 4274 743 4354 Νικηφόρου
779 4271 951 4337 Καλλίετου
983 4275 1041 4338 τοῦ
1069 4273 1308 4341 Ξανθοπούλου
1335 4275 1380 4340 εἰ(
1406 4277 1463 4354 τὴν
1491 4275 1669 4355 ὑπεραγίαν
1685 4277 1748 4350 ,καὶ

294 4378 405 4457 κυρίαν
428 4375 612 4458 θεοτόκον,
635 4377 695 4454 τήν
716 4374 886 4454 ζωοδόχον
907 4375 1026 4453 πηγήν·
1054 4375 1095 4440 οὐ
1116 4376 1178 4456 γὰρ
1201 4376 1338 4459 εὕρομεν
1360 4375 1424 4442 ὑπὸ
1446 4380 1581 4441 τυπικοθ
1602 4380 1660 4456 τὴν
1682 4399 1748 4443 τοι·

294 4480 395 4559 αὐτην
417 4477 624 4554 ἀκολουθίαν,
647 4475 724 4541 ἀλλ’
739 4477 829 4556 ἐτέθη
853 4475 897 4540 δι’
912 4475 1040 4557 ἀγάπην
1061 4483 1118 4556 τῆς
1138 4478 1312 4558 ὑπεραγίαε
1327 4479 1504 4555 Θεοτόκου;
1529 4478 1616 4542 conf.
1631 4478 1748 4543 Barth.

179 4583 184 4590 ’
296 4578 581 4646 Cutlumusianum
602 4578 635 4642 in
659 4567 761 4664 prael'.
777 4577 909 4643 Pentec.
932 4577 967 4644 ε’.
1003 4575 1263 4644 Recentissimus
1287 4601 1379 4660 vero,
1403 4577 1490 4666 quod
1505 4579 1617 4664 sciam,
1632 4590 1750 4645 auctor

297 4681 476 4746 carminum
501 4677 792 4744 ceclesiasticorum
821 4679 951 4744 saeculo
973 4688 1067 4744 sexto
1090 4679 1215 4746 decimo
1238 4680 1392 4747 Nicolaus
1414 4681 1567 4746 Malaxus
1589 4681 1750 4768 Pelopon·

295 4784 406 4852 nesius
436 4781 578 4863 exstitit,
607 4782 699 4846 cuius
728 4803 770 4847 cx
791 4779 980 4849 multifariis
1001 4782 1202 4850 carminibus
1224 4784 1259 4849 in
1282 4782 1449 4850 c'odicibus
1471 4782 1607 4850 Venetis
1629 4805 1662 4850 n.
1687 4785 1751 4852 188

483 5001 492 5041 1
