3886 5480
577 375 643 430 LlB.
658 374 705 430 lv.
734 374 782 430 DE
798 373 893 430 ARTE
909 371 1045 430 Musrca
1060 331 1280 432 BYZrlNTlNA.
1370 376 1373 383 '
1565 371 1650 428 CXIX
1726 443 1730 450 ι

201 509 453 604 intellegendam
486 519 591 586 allen.
636 519 841 609 Quamquam
876 521 963 586 enim
995 519 1105 585 Latini
1135 541 1155 582 a
1188 519 1326 586 Graecis
1358 529 1461 585 artem
1494 520 1651 586 musicam

202 621 369 707 accepisse
391 621 571 708 probantur
597 633 631 688 et
663 644 782 707 graeca
804 623 943 688 ecclesia
965 633 1113 688 veterum
1135 620 1359 686 institutorum
1381 619 1482 688 multo
1505 620 1650 688 tenacior

200 721 283 805 fuir,
316 733 426 788 tamma
452 722 546 789 latini
574 725 750 812 scriptores
771 726 836 789 iarn
856 723 981 812 aliquot
1008 721 1147 789 sacculis
1170 724 1261 810 prius
1289 744 1386 810 quarn
1414 723 1532 790 Graeci
1566 744 1650 811 quae

202 846 263 888 usu
285 833 318 890 et
350 825 554 912 experientia
581 825 764 892 didicerant
796 825 900 892 literis
928 817 1137 910 mandarent,
1166 823 1206 890 de
1233 835 1302 889 arte
1331 825 1455 890 musica
1476 835 1651 912 praecepta

204 923 283 990 dare
306 936 489 1012 coeperant.
534 926 607 1009 Quo
631 949 703 994 cum
726 926 877 1009 accedat,
900 926 988 1013 quod
1003 926 1249 1014 antiquissimus
1264 935 1379 992 auctor
1392 947 1542 1012 graccus,
1558 925 1648 992 Man.

202 1025 406 1114 Bryenniue,
439 1038 542 1094 artem
564 1030 724 1094 musicam
758 1028 1013 1094 ecclesiasticam
1035 1050 1100 1092 non
1133 1027 1238 1093 solum
1270 1027 1381 1092 multis
1409 1028 1558 1116 partibus
1586 1026 1652 1092 iam

202 1129 405 1194 immutatam
429 1131 570 1212 invenit,
593 1130 650 1196 sed
675 1131 771 1196 etiam
794 1130 911 1216 ineptis
934 1127 1111 1196 involucris
1127 1129 1296 1195 affectatae
1319 1127 1510 1194 eruditionis
1532 1129 1651 1194 obscu-

203 1232 304 1315 ravit,
327 1232 376 1295 vis
407 1241 439 1296 et
462 1241 578 1296 natura
603 1241 677 1297 octo
699 1233 789 1313 ἤχων
817 1232 881 1297 nisi
904 1232 1013 1297 latinis
1042 1232 1256 1318 scriptoribus
1287 1232 1320 1295 in
1343 1231 1503 1296 auxilium
1525 1231 1650 1295 vocatis

203 1331 298 1418 plene
320 1331 478 1420 explicari
499 1355 564 1398 nou
585 1343 704 1419 potest.
748 1334 922 1421 Byzantini
949 1335 1049 1418 igitur
1072 1354 1175 1420 aeque
1201 1341 1300 1419 atque
1322 1331 1433 1397 Latini
1455 1340 1529 1398 octo
1551 1333 1651 1396 musi·

203 1453 260 1497 cae
281 1442 375 1498 tonos
398 1455 471 1498 esse
493 1444 696 1519 statuerunt,
721 1445 753 1501 et
775 1455 886 1500 sorum
907 1444 1050 1521 quatuor
1071 1433 1242 1500 authentos
1259 1435 1329 1500 sive
1344 1435 1491 1518 κυρίους,
1512 1441 1652 1520 quatuor

202 1533 357 1612 πλαγίου(
379 1535 637 1622 appellaverunt.
680 1537 773 1602 Haec
795 1536 1015 1602 denominatio
1038 1536 1204 1601 veteribus
1228 1536 1363 1602 Graecis
1386 1535 1552 1620 incognita
1574 1533 1648 1618 fuit,

203 1635 261 1701 sed
284 1635 388 1701 simile
411 1637 574 1722 quoddam
601 1637 842 1704 harmoniarum
870 1637 1045 1703 discrimen
1071 1635 1120 1702 illi
1142 1636 1325 1702 nominibus
1356 1638 1484 1717 turpiori
1511 1645 1545 1701 et
1572 1637 1651 1702 ὑπο-

202 1740 345 1820 δωριετὶ,
378 1740 524 1820 osunen
551 1748 584 1803 et
612 1742 825 1822 ὑποφρυγιετὶ
846 1739 1049 1826 significasse
1076 1737 1240 1803 videntur.
1291 1738 1402 1804 Medio
1432 1747 1540 1803 autem
1569 1759 1650 1802 aevo

202 1859 266 1924 quo
288 1847 384 1924 pacto
407 1839 554 1906 authenti
576 1851 608 1906 et
634 1839 735 1928 plagii
765 1843 832 1907 toni
861 1843 1012 1929 primitus
1040 1839 1256 1905 discriminati
1288 1839 1427 1922 fuerint,
1461 1841 1582 1925 optimo
1610 1861 1653 1903 ex

202 1937 368 2006 Hucbaldi
402 1949 435 2006 et
462 1941 610 2008 Oddonis
640 1942 835 2009 testimoniis
864 1941 956 2029 (vide
981 1941 1124 2008 Gerbert
1151 1939 1335 2027 Scriptores
1370 1939 1582 2006 ecclesiastici
1611 1938 1673 2004 dex

201 2041 326 2105 musica
354 2031 386 2127 p'.
412 2042 473 2106 116
495 2054 528 2108 et
549 2043 612 2109 258
629 2045 692 2131 sq.)
716 2054 866 2133 apparet,
890 2045 944 2130 qui
967 2055 1079 2109 tonum
1101 2045 1293 2108 authentum
1315 2064 1336 2106 a
1357 2065 1416 2107 suo
1439 2039 1528 2107 finali
1550 2063 1653 2129 usque

201 2142 235 2206 in
257 2165 378 2208 nonum
400 2165 515 2208 sonum
538 2143 731 2228 ascendere,
760 2145 958 2210 descendere
980 2155 1088 2210 autern
1114 2145 1148 2208 iu
1171 2142 1235 2208 sibi
1257 2143 1401 2208 vicinum
1424 2153 1457 2208 et
1477 2141 1652 2230 aliquando

160 2317 163 2322 ,
201 2242 244 2307 ad
266 2245 473 2309 semitonium
495 2245 548 2310 vel
571 2245 614 2311 ad
636 2249 784 2328 tertium,
807 2247 952 2335 plagium
975 2257 1081 2311 autern
1105 2266 1208 2332 usque
1230 2246 1264 2310 in
1283 2254 1438 2332 quartum
1453 2243 1659 2340 descenden-¹

200 2352 268 2407 tem
294 2343 337 2409 ad
364 2347 512 2432 quintum
539 2349 715 2414 ascendere
744 2349 871 2414 docent.
916 2349 999 2414 Inde
1027 2349 1088 2413 hoc
1116 2367 1248 2434 quoque
1271 2355 1378 2435 patet,
1412 2369 1471 2412 cur
1501 2347 1650 2412 authenti

200 2447 269 2510 toni
291 2443 349 2511 alti
373 2445 502 2531 (ὀξεῖς),
531 2447 688 2536 plagiales
716 2472 833 2536 graves
863 2450 1000 2534 (βαρεῖς)
1024 2450 1124 2534 vulgo
1148 2447 1300 2531 audiant,
1330 2469 1413 2535 quae
1441 2447 1573 2536 quidem
1597 2471 1649 2513 res

199 2548 234 2610 in
256 2546 366 2612 multis
389 2548 537 2615 melodiis
561 2561 646 2628 nunc
668 2550 750 2616 adeo
774 2552 949 2619 obscurata
971 2561 1040 2634 cst,
1063 2560 1100 2616 ut
1122 2550 1202 2615 ordo
1225 2552 1399 2615 invertisse
1415 2549 1575 2618 videatur.

286 2699 414 2786 Singuli
446 2704 515 2767 toni
546 2725 567 2768 a
599 2704 789 2790 Byzantinis
827 2713 860 2769 et
891 2704 1017 2770 Latinis
1056 2704 1243 2769 nominibus
1285 2702 1486 2768 ordinalibue
1524 2704 1648 2790 primus

201 2802 360 2887 (πρῶτος)
384 2803 546 2869 secundus
571 2808 749 2892 (δεύτεροι)
773 2808 886 2871 tertius
910 2808 1039 2889 (τρίτος)
1063 2814 1198 2892 quartus
1222 2806 1400 2888 (τέταρτοι)
1430 2804 1646 2902 appellantur,

200 2913 337 2990 excepto
372 2913 449 2970 tono
478 2905 575 2971 tertio
603 2906 727 2993 plagio,
756 2910 812 2995 qui
841 2930 907 2973 non
939 2909 1018 2989 ἦχος
1045 2908 1180 2984 πλάγιοι
1218 2907 1323 2986 τρίτοι
1350 2906 1409 2970 sed
1439 2907 1519 2987 ἠχοε
1553 2909 1650 2987 βαρὺ(

200 3025 221 3067 a
236 3001 372 3069 Graecis
387 3018 532 3089 vocatur,
550 3029 653 3095 ,quem
668 3008 798 3074 dicendi
819 3032 913 3073 usum
936 3033 974 3075 eo
998 3020 1143 3095 tempore
1164 3019 1276 3072 natum
1292 3029 1362 3072 esse
1391 3008 1560 3094 probabile
1589 3018 1649 3090 est,

200 3127 264 3192 quo
297 3117 472 3193 systemate
505 3120 578 3175 octo
612 3119 761 3176 tonorum
792 3121 916 3176 mutato
944 3133 1010 3178 non
1042 3113 1106 3176 iam
1140 3111 1263 3197 primus
1297 3121 1330 3174 et
1363 3109 1523 3174 secundus
1548 3119 1646 3175 tonus

199 3205 344 3292 plagius,
368 3209 427 3274 sed
442 3211 558 3276 tertius
575 3213 715 3278 maxime
730 3211 773 3276 ad
788 3214 983 3298 gravitatem
1004 3212 1201 3278 descendere
1230 3211 1389 3298 coeperit,
1412 3210 1476 3275 nisi
1499 3211 1584 3274 forte
1607 3233 1649 3274 ex

198 3321 348 3374 veterum
370 3309 570 3378 Graecorum
593 3323 785 3400 systemate,
809 3316 863 3402 qui
885 3324 1010 3400 septem
1031 3335 1097 3378 uon
1118 3324 1192 3379 octo
1213 3312 1385 3378 modorum
1407 3319 1529 3397 'genera
1551 3310 1649 3396 vulgo

199 3412 404 3492 statuebant,
437 3435 569 3480 causam
592 3413 687 3480 huius
709 3415 757 3480 rei
784 3414 996 3502 repetendam
1029 3436 1100 3479 esee
1123 3437 1266 3480 censeas.
1329 3413 1428 3478 Certe
1462 3413 1648 3478 nominibus

199 3511 398 3582 ordinalibue
420 3515 463 3580 ad
495 3498 639 3602 singulas
672 3517 854 3582 harmonias
887 3514 1135 3602 distinguendas
1163 3518 1228 3580 iam
1256 3513 1356 3580 multo
1387 3523 1464 3579 ante
1497 3514 1647 3600 byzanti·

123 3675 126 3684 .
198 3634 258 3677 nos
292 3617 465 3702 scriptores
499 3620 653 3683 extremis
687 3617 826 3684 saeculis
864 3620 992 3705 imperii
1030 3617 1156 3682 romani
1189 3615 1288 3702 vulgo
1329 3615 1521 3699 utebantur,
1560 3616 1647 3681 conf.

199 3713 374 3802 Westphal
396 3717 520 3784 Metrik
548 3720 577 3803 l,
599 3719 641 3786 85
663 3729 696 3786 et
717 3721 790 3786 318.

284 3867 324 3932 ln
346 3870 495 3936 omnibus
517 3873 618 3958 igitur
640 3872 733 3938 libris
749 3872 979 3955 melodiarum,
1002 3895 1083 3959 quos
1098 3869 1292 3958 inspiciendi
1309 3870 1387 3934 mihi
1403 3867 1534 3956 quidem
1552 3871 1648 3958 copia

200 3969 288 4034 facta
299 3980 362 4052 est,
378 3981 474 4038 tonus
491 3976 647 4061 cuiusque
662 3975 814 4040 carminis
836 3997 890 4057 ea,
906 3997 1003 4062 quarn
1018 3972 1114 4038 modo
1136 3972 1272 4060 exposui
1290 3973 1370 4036 etin
1386 3971 1447 4036 hac
1460 3971 1650 4055 anthologia

201 4072 335 4154 retinui,
364 4076 489 4140 ratione
521 4075 683 4142 indicatus
712 4088 772 4142 est.
817 4076 939 4141 Verum
968 4076 1010 4158 ii,
1039 4078 1096 4162 qui
1123 4074 1312 4140 cruditionis
1339 4072 1508 4158 gloriolam
1536 4075 1648 4137 venati

198 4183 302 4238 artem
324 4197 402 4240 suae
424 4179 541 4244 aetatis
563 4201 636 4244 oum
659 4179 840 4266 praeceptis
863 4178 1040 4245 Ptolemaei
1068 4187 1101 4243 et
1123 4186 1270 4242 vetorum
1291 4177 1488 4260 scriptorum
1510 4176 1645 4240 coniun-

199 4275 337 4360 gebant,
371 4279 512 4365 antiquis
548 4279 731 4345 nominibus
764 4283 911 4362 φρυγιετὶ
942 4282 1070 4360 bmprtrl
1100 4277 1262 4344 similibus
1291 4299 1332 4341 ne
1361 4284 1485 4339 mutata
1513 4275 1645 4362 quidem

200 4386 310 4441 vetere
332 4381 456 4445 musica
477 4381 524 4444 uti
547 4382 723 4448 desierunt.
770 4381 835 4446 Sed
857 4404 931 4445 cum
953 4381 1008 4445 alii
1031 4380 1113 4445 alias
1128 4381 1270 4446 rationes
1288 4377 1339 4442 vel
1354 4397 1480 4442 errores
1503 4377 1537 4440 in
1559 4377 1645 4440 anti-

199 4480 271 4564 quis
294 4481 480 4548 nominibus
501 4481 544 4546 ad
567 4481 804 4548 ecclesiasticos
827 4493 920 4548 tonos
942 4481 1179 4549 transferendis
1196 4487 1423 4566 sequerentur,
1447 4474 1521 4542 aliis
1544 4479 1646 4541 nomi-

199 4579 294 4645 nibus
324 4581 516 4649 Hucbaldus
545 4595 577 4649 et
606 4595 732 4650 veteres
760 4587 935 4671 scriptores
965 4582 1075 4664 latini,
1110 4581 1183 4648 aliie
1212 4578 1344 4645 Manuel
1375 4579 1560 4666 Bryennius
1589 4581 1647 4665 qni

199 4684 458 4768 quartodecimo
474 4685 603 4752 saeculo
619 4687 718 4768 vixit,
741 4684 814 4751 aliis
830 4685 970 4771 danique
985 4684 1201 4751 recentissimi
1216 4684 1393 4769 scriptores
1410 4681 1648 4768 Chrysanthus,

200 4781 415 4868 Philoxenus,
439 4786 633 4874 Margaritae
656 4798 792 4854 utuntur
814 4787 847 4854 in
870 4787 956 4853 bunc
978 4785 1125 4851 modum:
