3800 5474
310 391 376 448 LlB.
392 392 439 446 Ill.
469 390 516 444 Du
531 389 758 445 RHYTHMlClS
773 390 925 446 LEGIBUS
941 391 1136 445 CARMINUM
1152 390 1455 447 BYZAN‘I'INORUM.
1522 393 1635 448 LXXllI

266 538 548 618 Δοξαετὰριον
569 558 590 601 a
612 535 772 622 Gregorio
796 536 1003 622 Protopsalta
1026 536 1196 602 Constant.
1217 559 1247 601 a.
1267 537 1348 602 1849
1370 539 1489 602 iterum
1511 540 1633 604 editum

182 641 309 708 duobus
337 638 558 704 voluminibus
586 659 698 704 eorum
729 636 958 704 idiomelorum
986 637 1222 704 modulationes
1251 641 1411 722 continet,
1446 661 1527 722 quae
1560 663 1633 706 cum

182 743 292 808 verbis
314 743 407 810 Δόξα
427 743 524 820 πατρὶ
545 741 595 806 καὶ
617 740 676 821 υἱῷ
698 741 749 806 καὶ
771 739 852 824 ἁγίῳ
874 741 1043 820 πνεύματι·
1082 741 1138 806 Καὶ
1166 747 1225 806 νῦν
1253 743 1304 807 καὶ
1332 740 1382 807 ἀεὶ
1409 743 1460 807 καὶ
1488 741 1530 809 εἰ(
1557 745 1634 809 τοὺ(

182 847 301 912 αἰῶνα(
322 851 388 910 τῶν
410 843 548 908 αἰώνων.
572 842 655 923 ἀμήν
678 840 851 906 coniuncta
873 851 959 907 sunt.

265 963 473 1042 Πανδὲκτη
501 961 544 1026 ab
571 959 693 1024 Ioanne
715 959 933 1047 Lampadario
956 970 989 1025 et
1011 959 1176 1046 Stephano
1200 961 1388 1027 Domestica
1412 959 1581 1028 Constant.
1605 985 1634 1029 a.

185 1064 266 1144 1848
289 1063 378 1128 edita
399 1072 538 1148 quatuor
553 1059 774 1126 voluminibus
797 1073 957 1146 cunctam,
979 1071 1016 1126 ut
1038 1065 1144 1150 ipsum
1166 1084 1283 1128 nomen
1306 1060 1462 1144 declarat,
1486 1065 1635 1128 ecclesia·

183 1167 295 1231 sticam
324 1161 536 1250 hymnodiam
563 1164 663 1227 tetius
690 1163 768 1226 anni
795 1164 1036 1250 complectitur;
1065 1164 1160 1228 huius
1183 1163 1261 1228 libri
1282 1166 1315 1228 in
1339 1165 1537 1252 praefatione
1559 1189 1591 1252 p.
1614 1167 1635 1230 2

184 1289 293 1332 omnes
321 1264 580 1332 modulationum
608 1263 724 1348 libros,
752 1265 809 1351 qui
835 1264 1002 1352 hucusque
1030 1267 1117 1352 typis
1146 1264 1274 1351 vulgati
1301 1271 1402 1348 sunt,
1427 1277 1633 1331 enumeratos

183 1389 342 1434 ravenica

733 1972 866 2030 mana
891 1971 1086 2029 meme.

250 2154 335 2235 DE
371 2143 818 2236 RHYTHMICIS
853 2153 1157 2236 LEGIBUS
1192 2152 1581 2236 CARMINUM

618 2283 1201 2372 BYZANTINORUM.

271 2472 477 2539 Carminibus
500 2473 728 2539 ecclesiasticis
751 2473 954 2560 byzantinis,
983 2493 1121 2560 querum
1148 2472 1310 2538 delectum
1334 2475 1366 2538 in
1390 2475 1452 2538 hoe
1474 2473 1558 2540 libro
1580 2474 1636 2538 ad-

185 2574 389 2657 ornavimus,
413 2575 525 2639 eadcm
548 2577 617 2640 fere
639 2575 746 2640 ferma
769 2583 835 2656 est,
858 2597 941 2660 quae
964 2576 1070 2661 prosis
1086 2573 1242 2638 ecelesiae
1257 2573 1388 2639 latinae.
1425 2575 1540 2662 Neque
1554 2576 1638 2639 hanc

185 2675 433 2742 similitudinem
460 2677 548 2742 viros
576 2675 688 2742 doctos
716 2677 815 2742 medii
843 2676 917 2740 aevi
945 2675 1069 2760 fugisse
1100 2699 1171 2740 cum
1200 2677 1331 2740 nomina
1354 2679 1438 2764 tropi
1461 2687 1495 2742 ct
1522 2699 1638 2764 prosae

186 2781 271 2843 inter
293 2801 328 2844 se
350 2789 548 2844 commutata
571 2777 663 2863 (vide
687 2778 724 2842 F.
748 2777 843 2843 Wolf
863 2779 927 2843 Die
948 2778 1026 2842 Lais
1051 2779 1083 2842 S.
1108 2777 1163 2862 93)
1186 2787 1255 2841 tum
1278 2779 1433 2864 Cypriani
1456 2780 1491 2843 in
1512 2779 1581 2843 vita
1603 2778 1637 2843 S.

186 2881 334 2946 Caesarii
363 2879 481 2945 latinas
511 2903 623 2968 prosas
646 2890 678 2945 ct
700 2903 821 2965 graeca
847 2880 991 2944 carmina
1013 2879 1240 2964 coniungentis
1263 2881 1485 2945 testimonium
1508 2880 1666 2945 demon!

186 2992 279 3046 strat.
309 2980 435 3059 Voluit,
458 2983 564 3068 iuquit
587 2981 655 3063 ille,
679 2982 851 3046 Caesarius
866 2992 965 3068 atque
987 2982 1086 3045 etiam
1108 2982 1265 3067 compulit
1286 2980 1386 3047 laicos
1410 2991 1443 3046 et
1464 2980 1637 3068 populares

186 3085 332 3148 homines
360 3082 502 3169 psalmos
526 3093 557 3148 et
579 3084 717 3170 hymnos
746 3105 891 3170 promere
918 3081 1049 3170 altaque
1071 3093 1103 3147 et
1125 3081 1291 3148 modulata
1315 3105 1393 3147 voce
1422 3084 1525 3148 instar
1547 3083 1639 3147 cleri·

185 3205 298 3250 cerum
320 3185 403 3250 alios
425 3207 558 3270 graece,
581 3185 661 3251 alios
684 3185 784 3250 latine
806 3207 921 3271 prosas
944 3195 978 3250 et
998 3184 1193 3271 antiphonas
1216 3186 1399 3249 decantare.
1445 3185 1538 3250 Idem
1561 3207 1638 3250 vcro

186 3285 305 3350 Suidas
328 3285 578 3375 lexicographus
602 3287 807 3373 comprobat,
836 3287 892 3372 qui
915 3287 1047 3353 Ioannis
1071 3287 1267 3351 Damasceni
1291 3285 1392 3351 refert
1414 3288 1639 3367 conedouera

186 3390 273 3455 πάνυ
295 3392 403 3454 πολλὰ
425 3393 476 3454 καὶ
497 3391 628 3469 μάλιετα
655 3389 822 3470 φιλόςοφα
844 3440 850 3454 .
873 3439 880 3452 .
905 3438 911 3451 .
935 3439 942 3452 .
965 3391 1017 3453 καὶ
1038 3389 1068 3453 οἱ
1091 3391 1252 3472 ᾀεματικοὶ
1274 3391 1420 3466 κανόνες,
1449 3388 1582 3469 ἰαμβικοί
1604 3409 1638 3452 τε

186 3491 237 3555 καὶ
258 3493 492 3571 καταλογάδην.
530 3489 692 3554 iambicos
716 3490 801 3554 enim
825 3491 906 3554 dicit
928 3511 1068 3553 canones
1091 3489 1239 3553 iambicis
1263 3490 1418 3552 trimetris
1441 3488 1639 3574 compositos

187 3591 378 3657 Nativitatis
402 3591 542 3676 Christi,
564 3592 867 3680 Theophaniorum,
890 3591 1116 3674 Pentecostes3
1145 3591 1287 3676 reliquos
1315 3611 1425 3654 omncs
1448 3611 1545 3678 prosa
1567 3611 1639 3652 ora-

188 3693 276 3758 tione
292 3694 492 3780 conscriptos
509 3715 581 3757 esse
596 3694 768 3778 significat.
793 3692 854 3756 His
866 3701 975 3757 autem
986 3691 1119 3778 reliquis
1132 3691 1311 3757 canonibus
1323 3714 1448 3756 summa
1460 3689 1640 3756 similitudo

188 3817 262 3862 cum
286 3795 440 3876 Cosmae,
469 3795 694 3882 Theophanis,
718 3795 860 3881 Iosephi,
884 3795 1019 3860 aliorum
1042 3817 1108 3860 non
1131 3793 1235 3860 solum
1258 3795 1438 3880 canonibus
1460 3792 1518 3858 scd
1541 3795 1640 3858 etiam

188 3897 342 3983 tropariis
365 3897 548 3961 intercedit.
586 3897 699 3982 Neque
721 3898 839 3960 mirum
863 3907 927 3978 est,
950 3895 1038 3983 qued
1061 3897 1171 3981 graeci
1193 3905 1226 3961 et
1248 3895 1341 3960 latini
1364 3895 1538 3982 scriptores
1560 3894 1640 3960 talia

188 3997 318 4062 cantica
333 4019 448 4085 prosae
463 3999 600 4068 orationi
616 4001 724 4085 potius
740 4020 838 4084 quam
849 4000 1000 4064 versibus
1016 3998 1286 4078 adnumerabant,
1300 4019 1440 4084 namque
1455 4021 1520 4063 nen
1536 3996 1638 4062 solurn

187 4099 368 4163 carminum
391 4100 617 4183 metricorum,
641 4123 723 4188 quae
740 4097 810 4164 sola
823 4101 935 4164 vincta
951 4109 1077 4165 veteres
1098 4100 1304 4184 grammatici
1327 4098 1489 4178 dixerant,
1512 4099 1639 4182 legibus

187 4224 254 4266 non
282 4199 408 4286 illigata
435 4211 544 4284 erant,
576 4201 633 4265 sed
662 4225 702 4266 ne
723 4200 861 4268 aliarum
883 4200 1015 4287 quidem
1038 4201 1146 4286 legum
1170 4223 1226 4266 eas
1248 4209 1341 4265 notas
1364 4201 1539 4286 impressas
1562 4221 1641 4285 prae

188 4325 223 4367 se
252 4301 415 4384 ferebant,
450 4325 533 4389 quae
562 4325 676 4367 sensus
704 4303 869 4367 hominum
898 4301 1046 4366 ferirent.
1089 4303 1251 4388 Oedipum
1279 4299 1440 4364 mehercle
1462 4301 1641 4384 sagacitate

187 4413 222 4468 et
244 4406 393 4468 acumine
416 4414 602 4487 superaret,
631 4405 687 4490 qui
710 4403 862 4486 Ioannis,
891 4402 1042 4484 Cosmae,
1072 4402 1299 4488 Metrophanis
1328 4424 1499 4483 versuum,
1528 4402 1640 4487 quales

186 4507 221 4570 in
247 4504 394 4570 Danielis
417 4505 585 4569 Thesauro
607 4504 837 4593 hymnologico
859 4504 1014 4590 descripti
1037 4514 1128 4589 sunt,
1157 4505 1246 4588 leges
1273 4503 1379 4589 primo
1406 4513 1541 4589 aspectu
1570 4523 1640 4588 per-

187 4607 340 4692 spiceret.
384 4607 434 4670 Ne
456 4607 480 4670 ii
503 4605 652 4692 quidem,
681 4609 735 4692 qui
764 4607 884 4670 rectius
908 4606 1008 4670 divisi
1036 4616 1126 4687 sunt,
1155 4627 1268 4670 versus
1297 4613 1387 4669 tanta
1409 4603 1641 4690 aequabilitate

187 4709 356 4793 conspicui
379 4718 469 4788 sum,
499 4717 621 4794 quanta
644 4707 778 4771 Homeri
806 4708 988 4772 hexametri
1016 4717 1074 4771 aut
1101 4706 1214 4772 Ovidii
1242 4705 1382 4790 elegiae,
1412 4715 1448 4769 ut
1476 4725 1560 4792 quae
1588 4704 1640 4768 vel

111 4821 122 4828 “
189 4810 377 4896 imperitum
401 4819 434 4874 et
456 4807 572 4874 rudem
593 4809 756 4873 hominem
779 4819 888 4874 certae
910 4808 1079 4886 cuiusdam
1102 4808 1184 4892 legis
1207 4816 1443 4872 commoneant.
