<?xml version="1.0" encoding="UTF-8"?>
<!DOCTYPE html PUBLIC "-//W3C//DTD XHTML 1.0 Transitional//EN"
    "http://www.w3.org/TR/xhtml1/DTD/xhtml1-transitional.dtd">
<html xmlns="http://www.w3.org/1999/xhtml" xml:lang="en" lang="en">
 <head>
  <title>
</title>
<meta http-equiv="Content-Type" content="text/html;charset=utf-8" />
  <meta name='ocr-system' content='tesseract 3.04.00' />
  <meta name='ocr-capabilities' content='ocr_page ocr_carea ocr_par ocr_line ocrx_word'/>
</head>
<body>
  <div class='ocr_page' id='page_1' title='image "anthologiagraec00chrigoog_0054.png"; bbox 0 0 3800 5474; ppageno 0'>
   <div class='ocr_carea' id='block_1_1' title="bbox 506 339 1602 399">
    <p class='ocr_par' dir='ltr' id='par_1_1' title="bbox 506 339 1602 399">
     <span class='ocr_line' id='line_1_1' title="bbox 506 339 1602 399; baseline 0.003 -3"><span class='ocrx_word' id='word_1_1' title='bbox 506 342 572 397; x_wconf 82' lang='lat' dir='ltr'><strong>LlB.</strong></span> <span class='ocrx_word' id='word_1_2' title='bbox 587 343 607 396; x_wconf 92' lang='lat' dir='ltr'><strong>l.</strong></span> <span class='ocrx_word' id='word_1_3' title='bbox 630 342 677 396; x_wconf 90' lang='lat' dir='ltr'><strong>DE</strong></span> <span class='ocrx_word' id='word_1_4' title='bbox 692 341 820 396; x_wconf 86' lang='lat' dir='ltr'><strong>POETIS</strong></span> <span class='ocrx_word' id='word_1_5' title='bbox 836 339 1064 398; x_wconf 81' lang='lat' dir='ltr'><strong>CHRISTlANlS</strong></span> <span class='ocrx_word' id='word_1_6' title='bbox 1079 340 1240 396; x_wconf 79' lang='lat' dir='ltr'><strong>GRAECIS.</strong></span> <span class='ocrx_word' id='word_1_7' title='bbox 1515 344 1602 399; x_wconf 82' lang='lat' dir='ltr'>XLIX</span> 
     </span>
    </p>
   </div>
   <div class='ocr_carea' id='block_1_2' title="bbox 94 489 1664 4835">
    <p class='ocr_par' dir='ltr' id='par_1_2' title="bbox 150 489 1664 1974">
     <span class='ocr_line' id='line_1_2' title="bbox 151 489 1602 572; baseline 0.001 -17"><span class='ocrx_word' id='word_1_8' title='bbox 151 494 270 569; x_wconf 85' lang='grc' dir='ltr'>τριδῶν</span> <span class='ocrx_word' id='word_1_9' title='bbox 294 493 377 572; x_wconf 84' lang='grc' dir='ltr'>ςοφὴ</span> <span class='ocrx_word' id='word_1_10' title='bbox 400 491 452 554; x_wconf 85' lang='grc' dir='ltr'><strong>καὶ</strong></span> <span class='ocrx_word' id='word_1_11' title='bbox 473 489 648 568; x_wconf 84' lang='grc' dir='ltr'>παρθένος,</span> <span class='ocrx_word' id='word_1_12' title='bbox 673 489 768 554; x_wconf 86' lang='grc' dir='ltr'>Καςία</span> <span class='ocrx_word' id='word_1_13' title='bbox 789 489 947 569; x_wconf 86' lang='grc' dir='ltr'>τοῦνομα,</span> <span class='ocrx_word' id='word_1_14' title='bbox 976 492 1034 554; x_wconf 82' lang='grc' dir='ltr'><strong>τοῦ</strong></span> <span class='ocrx_word' id='word_1_15' title='bbox 1057 509 1091 554; x_wconf 86' lang='grc' dir='ltr'><strong>τε</strong></span> <span class='ocrx_word' id='word_1_16' title='bbox 1114 489 1229 568; x_wconf 83' lang='grc' dir='ltr'>μέλους</span> <span class='ocrx_word' id='word_1_17' title='bbox 1253 489 1393 569; x_wconf 78' lang='grc' dir='ltr'>ἀρχηγὸς</span> <span class='ocrx_word' id='word_1_18' title='bbox 1417 490 1602 570; x_wconf 86' lang='grc' dir='ltr'>ἐχρημὰττςε</span> 
     </span>
     <span class='ocr_line' id='line_1_3' title="bbox 151 579 1602 684; baseline 0.001 -27"><span class='ocrx_word' id='word_1_19' title='bbox 151 595 209 684; x_wconf 25' lang='grc' dir='ltr'>καὶ.</span> <span class='ocrx_word' id='word_1_20' title='bbox 224 593 283 658; x_wconf 86' lang='grc' dir='ltr'><strong>τὸν</strong></span> <span class='ocrx_word' id='word_1_21' title='bbox 306 592 428 658; x_wconf 84' lang='grc' dir='ltr'>κανόνα</span> <span class='ocrx_word' id='word_1_22' title='bbox 452 579 704 670; x_wconf 85' lang='grc' dir='ltr'>ςυνεπεράνατο·</span> <span class='ocrx_word' id='word_1_23' title='bbox 728 592 758 656; x_wconf 78' lang='lat' dir='ltr'><strong>ot</strong></span> <span class='ocrx_word' id='word_1_24' title='bbox 778 593 814 656; x_wconf 79' lang='grc' dir='ltr'><strong>δὲ</strong></span> <span class='ocrx_word' id='word_1_25' title='bbox 830 591 962 670; x_wconf 86' lang='grc' dir='ltr'>ὕςτερον</span> <span class='ocrx_word' id='word_1_26' title='bbox 976 593 1014 656; x_wconf 86' lang='grc' dir='ltr'><strong>τὸ</strong></span> <span class='ocrx_word' id='word_1_27' title='bbox 1031 591 1128 670; x_wconf 83' lang='grc' dir='ltr'>μέλος</span> <span class='ocrx_word' id='word_1_28' title='bbox 1150 593 1207 670; x_wconf 80' lang='grc' dir='ltr'><strong>μὲν</strong></span> <span class='ocrx_word' id='word_1_29' title='bbox 1230 590 1445 676; x_wconf 79' lang='grc' dir='ltr'>ἀγταςάμενοι,</span> <span class='ocrx_word' id='word_1_30' title='bbox 1469 593 1602 661; x_wconf 78' lang='grc' dir='ltr'>ἀνάξιον</span> 
     </span>
     <span class='ocr_line' id='line_1_4' title="bbox 153 685 1603 774; baseline 0.001 -16"><span class='ocrx_word' id='word_1_31' title='bbox 153 695 186 758; x_wconf 80' lang='grc' dir='ltr'><strong>δ’</strong></span> <span class='ocrx_word' id='word_1_32' title='bbox 208 693 295 772; x_wconf 87' lang='grc' dir='ltr'>ὅμως</span> <span class='ocrx_word' id='word_1_33' title='bbox 318 693 482 772; x_wconf 82' lang='grc' dir='ltr'>κρίναντες</span> <span class='ocrx_word' id='word_1_34' title='bbox 505 693 694 771; x_wconf 85' lang='grc' dir='ltr'>γυναικείοις</span> <span class='ocrx_word' id='word_1_35' title='bbox 722 693 862 772; x_wconf 85' lang='grc' dir='ltr'>ςυμμίξαι</span> <span class='ocrx_word' id='word_1_36' title='bbox 891 693 1001 770; x_wconf 83' lang='grc' dir='ltr'>λόγοις</span> <span class='ocrx_word' id='word_1_37' title='bbox 1028 695 1067 758; x_wconf 89' lang='grc' dir='ltr'><strong>τὰ</strong></span> <span class='ocrx_word' id='word_1_38' title='bbox 1088 697 1147 758; x_wconf 86' lang='grc' dir='ltr'><strong>τοῦ</strong></span> <span class='ocrx_word' id='word_1_39' title='bbox 1169 693 1277 773; x_wconf 87' lang='grc' dir='ltr'>ἥρωας</span> <span class='ocrx_word' id='word_1_40' title='bbox 1300 694 1423 771; x_wconf 83' lang='grc' dir='ltr'>ἐκείνου</span> <span class='ocrx_word' id='word_1_41' title='bbox 1446 685 1603 774; x_wconf 82' lang='grc' dir='ltr'>μούςουρ-</span> 
     </span>
     <span class='ocr_line' id='line_1_5' title="bbox 152 794 1619 878; baseline 0.003 -19"><span class='ocrx_word' id='word_1_42' title='bbox 152 796 291 876; x_wconf 85' lang='grc' dir='ltr'>γήματα,</span> <span class='ocrx_word' id='word_1_43' title='bbox 320 795 357 860; x_wconf 86' lang='grc' dir='ltr'><strong>τὸ</strong></span> <span class='ocrx_word' id='word_1_44' title='bbox 380 796 476 876; x_wconf 83' lang='grc' dir='ltr'>μέλος</span> <span class='ocrx_word' id='word_1_45' title='bbox 504 795 704 874; x_wconf 82' lang='grc' dir='ltr'>παραδόντες</span> <span class='ocrx_word' id='word_1_46' title='bbox 725 801 771 878; x_wconf 85' lang='grc' dir='ltr'><strong>τῷ</strong></span> <span class='ocrx_word' id='word_1_47' title='bbox 794 794 915 878; x_wconf 88' lang='grc' dir='ltr'>Μάρκῳ</span> <span class='ocrx_word' id='word_1_48' title='bbox 944 797 995 860; x_wconf 86' lang='grc' dir='ltr'><strong>καὶ</strong></span> <span class='ocrx_word' id='word_1_49' title='bbox 1021 796 1100 860; x_wconf 86' lang='grc' dir='ltr'>τοὺς</span> <span class='ocrx_word' id='word_1_50' title='bbox 1127 794 1255 874; x_wconf 87' lang='grc' dir='ltr'>εἱρμοὺς</span> <span class='ocrx_word' id='word_1_51' title='bbox 1284 796 1523 876; x_wconf 85' lang='grc' dir='ltr'>ἐγχειρήςαντες</span> <span class='ocrx_word' id='word_1_52' title='bbox 1544 797 1619 874; x_wconf 89' lang='grc' dir='ltr'>τὴν.</span> 
     </span>
     <span class='ocr_line' id='line_1_6' title="bbox 153 893 1604 981; baseline -0.001 -21"><span class='ocrx_word' id='word_1_53' title='bbox 153 898 277 975; x_wconf 85' lang='grc' dir='ltr'>πλοκὴν</span> <span class='ocrx_word' id='word_1_54' title='bbox 299 901 365 962; x_wconf 85' lang='grc' dir='ltr'><strong>τῶν</strong></span> <span class='ocrx_word' id='word_1_55' title='bbox 386 897 572 976; x_wconf 86' lang='grc' dir='ltr'>τροπαρίατν</span> <span class='ocrx_word' id='word_1_56' title='bbox 594 897 701 980; x_wconf 87' lang='grc' dir='ltr'>τούτῳ</span> <span class='ocrx_word' id='word_1_57' title='bbox 723 896 812 980; x_wconf 75' lang='grc' dir='ltr'>μανψ</span> <span class='ocrx_word' id='word_1_58' title='bbox 835 893 958 979; x_wconf 88' lang='lat' dir='ltr'><strong>(scribe</strong></span> <span class='ocrx_word' id='word_1_59' title='bbox 981 896 1091 976; x_wconf 86' lang='grc' dir='ltr'>μόνων</span> <span class='ocrx_word' id='word_1_60' title='bbox 1105 896 1226 981; x_wconf 85' lang='grc' dir='ltr'>τούτῳ)</span> <span class='ocrx_word' id='word_1_61' title='bbox 1243 897 1435 978; x_wconf 84' lang='grc' dir='ltr'>ἐπέτρεψαν.</span> <span class='ocrx_word' id='word_1_62' title='bbox 1472 896 1527 961; x_wconf 85' lang='lat' dir='ltr'><strong>Ex</strong></span> <span class='ocrx_word' id='word_1_63' title='bbox 1541 896 1604 960; x_wconf 88' lang='lat' dir='ltr'><strong>hac</strong></span> 
     </span>
     <span class='ocr_line' id='line_1_7' title="bbox 152 995 1602 1084; baseline 0.001 -24"><span class='ocrx_word' id='word_1_64' title='bbox 152 995 413 1078; x_wconf 80' lang='lat' dir='ltr'><strong>narratiuncula,</strong></span> <span class='ocrx_word' id='word_1_65' title='bbox 437 998 489 1060; x_wconf 90' lang='lat' dir='ltr'><strong>cui</strong></span> <span class='ocrx_word' id='word_1_66' title='bbox 510 1019 576 1061; x_wconf 90' lang='lat' dir='ltr'><strong>non</strong></span> <span class='ocrx_word' id='word_1_67' title='bbox 598 1007 647 1062; x_wconf 91' lang='lat' dir='ltr'><strong>est</strong></span> <span class='ocrx_word' id='word_1_68' title='bbox 669 1018 726 1062; x_wconf 90' lang='lat' dir='ltr'><strong>cur</strong></span> <span class='ocrx_word' id='word_1_69' title='bbox 749 995 845 1061; x_wconf 85' lang='lat' dir='ltr'><strong>fidem</strong></span> <span class='ocrx_word' id='word_1_70' title='bbox 869 996 1076 1082; x_wconf 83' lang='lat' dir='ltr'><strong>derogemus,</strong></span> <span class='ocrx_word' id='word_1_71' title='bbox 1100 995 1181 1062; x_wconf 87' lang='lat' dir='ltr'><strong>illud</strong></span> <span class='ocrx_word' id='word_1_72' title='bbox 1196 995 1293 1062; x_wconf 89' lang='lat' dir='ltr'><strong>simul</strong></span> <span class='ocrx_word' id='word_1_73' title='bbox 1307 1009 1455 1084; x_wconf 87' lang='lat' dir='ltr'><strong>apparet,</strong></span> <span class='ocrx_word' id='word_1_74' title='bbox 1472 998 1602 1064; x_wconf 80' lang='lat' dir='ltr'><strong>Casium</strong></span> 
     </span>
     <span class='ocr_line' id='line_1_8' title="bbox 153 1095 1604 1186; baseline 0.003 -26"><span class='ocrx_word' id='word_1_75' title='bbox 153 1098 308 1162; x_wconf 86' lang='lat' dir='ltr'><strong>feminam</strong></span> <span class='ocrx_word' id='word_1_76' title='bbox 329 1108 404 1162; x_wconf 88' lang='lat' dir='ltr'><strong>ante</strong></span> <span class='ocrx_word' id='word_1_77' title='bbox 426 1107 565 1162; x_wconf 87' lang='lat' dir='ltr'><strong>aetatem</strong></span> <span class='ocrx_word' id='word_1_78' title='bbox 587 1097 720 1162; x_wconf 87' lang='lat' dir='ltr'><strong>Leontis</strong></span> <span class='ocrx_word' id='word_1_79' title='bbox 743 1095 924 1183; x_wconf 87' lang='lat' dir='ltr'><strong>Sapientis,</strong></span> <span class='ocrx_word' id='word_1_80' title='bbox 948 1121 1011 1186; x_wconf 91' lang='lat' dir='ltr'><strong>quo</strong></span> <span class='ocrx_word' id='word_1_81' title='bbox 1031 1121 1108 1185; x_wconf 89' lang='lat' dir='ltr'><strong>rege</strong></span> <span class='ocrx_word' id='word_1_82' title='bbox 1123 1098 1255 1164; x_wconf 87' lang='lat' dir='ltr'><strong>Marcus</strong></span> <span class='ocrx_word' id='word_1_83' title='bbox 1271 1099 1444 1185; x_wconf 86' lang='lat' dir='ltr'><strong>episcopus</strong></span> <span class='ocrx_word' id='word_1_84' title='bbox 1461 1098 1604 1164; x_wconf 89' lang='lat' dir='ltr'><strong>Hidrun-</strong></span> 
     </span>
     <span class='ocr_line' id='line_1_9' title="bbox 153 1197 1605 1289; baseline 0.001 -26"><span class='ocrx_word' id='word_1_85' title='bbox 153 1201 240 1264; x_wconf 89' lang='lat' dir='ltr'><strong>tinus</strong></span> <span class='ocrx_word' id='word_1_86' title='bbox 263 1199 389 1289; x_wconf 83' lang='lat' dir='ltr'><strong>vixisse</strong></span> <span class='ocrx_word' id='word_1_87' title='bbox 410 1198 531 1282; x_wconf 84' lang='lat' dir='ltr'><strong>fertur,</strong></span> <span class='ocrx_word' id='word_1_88' title='bbox 559 1199 708 1264; x_wconf 90' lang='lat' dir='ltr'><strong>floruisse</strong></span> <span class='ocrx_word' id='word_1_89' title='bbox 740 1197 926 1285; x_wconf 91' lang='lat' dir='ltr'><strong>hirmosque</strong></span> <span class='ocrx_word' id='word_1_90' title='bbox 955 1203 1186 1286; x_wconf 82' lang='lat' dir='ltr'><strong>composuisse.</strong></span> <span class='ocrx_word' id='word_1_91' title='bbox 1231 1199 1346 1264; x_wconf 84' lang='lat' dir='ltr'><strong>Eidem</strong></span> <span class='ocrx_word' id='word_1_92' title='bbox 1371 1200 1488 1264; x_wconf 76' lang='lat' dir='ltr'><strong>Castae</strong></span> <span class='ocrx_word' id='word_1_93' title='bbox 1509 1200 1605 1287; x_wconf 91' lang='lat' dir='ltr'><strong>plura</strong></span> 
     </span>
     <span class='ocr_line' id='line_1_10' title="bbox 153 1299 1601 1388; baseline 0.002 -24"><span class='ocrx_word' id='word_1_94' title='bbox 153 1299 307 1367; x_wconf 91' lang='lat' dir='ltr'><strong>idiomela</strong></span> <span class='ocrx_word' id='word_1_95' title='bbox 328 1300 362 1364; x_wconf 90' lang='lat' dir='ltr'><strong>in</strong></span> <span class='ocrx_word' id='word_1_96' title='bbox 385 1299 530 1365; x_wconf 87' lang='lat' dir='ltr'><strong>Menaeis</strong></span> <span class='ocrx_word' id='word_1_97' title='bbox 561 1299 761 1382; x_wconf 89' lang='lat' dir='ltr'><strong>tribuuntur,</strong></span> <span class='ocrx_word' id='word_1_98' title='bbox 791 1323 927 1388; x_wconf 88' lang='lat' dir='ltr'><strong>quorum</strong></span> <span class='ocrx_word' id='word_1_99' title='bbox 959 1301 1023 1368; x_wconf 93' lang='lat' dir='ltr'><strong>duo</strong></span> <span class='ocrx_word' id='word_1_100' title='bbox 1051 1303 1086 1366; x_wconf 92' lang='lat' dir='ltr'><strong>in</strong></span> <span class='ocrx_word' id='word_1_101' title='bbox 1113 1301 1175 1367; x_wconf 90' lang='lat' dir='ltr'><strong>hac</strong></span> <span class='ocrx_word' id='word_1_102' title='bbox 1203 1300 1391 1385; x_wconf 80' lang='lat' dir='ltr'><strong>anthologia</strong></span> <span class='ocrx_word' id='word_1_103' title='bbox 1413 1324 1444 1386; x_wconf 91' lang='lat' dir='ltr'><strong>p.</strong></span> <span class='ocrx_word' id='word_1_104' title='bbox 1470 1302 1530 1366; x_wconf 86' lang='lat'><strong>103</strong></span> <span class='ocrx_word' id='word_1_105' title='bbox 1553 1326 1601 1388; x_wconf 90' lang='lat' dir='ltr'><strong>sq.</strong></span> 
     </span>
     <span class='ocr_line' id='line_1_11' title="bbox 153 1400 1604 1489; baseline 0 -23"><span class='ocrx_word' id='word_1_106' title='bbox 153 1403 329 1488; x_wconf 83' lang='lat' dir='ltr'><strong>edidimus.</strong></span> <span class='ocrx_word' id='word_1_107' title='bbox 369 1400 423 1465; x_wconf 91' lang='lat' dir='ltr'><strong>Ab</strong></span> <span class='ocrx_word' id='word_1_108' title='bbox 452 1402 513 1465; x_wconf 88' lang='lat' dir='ltr'><strong>hao</strong></span> <span class='ocrx_word' id='word_1_109' title='bbox 540 1401 640 1466; x_wconf 85' lang='lat' dir='ltr'><strong>Casia</strong></span> <span class='ocrx_word' id='word_1_110' title='bbox 670 1402 862 1467; x_wconf 88' lang='lat' dir='ltr'><strong>monacham</strong></span> <span class='ocrx_word' id='word_1_111' title='bbox 884 1403 1038 1482; x_wconf 81' lang='grc' dir='ltr'>Εἰκαςίαν,</span> <span class='ocrx_word' id='word_1_112' title='bbox 1066 1426 1149 1489; x_wconf 87' lang='lat' dir='ltr'><strong>quae</strong></span> <span class='ocrx_word' id='word_1_113' title='bbox 1173 1401 1355 1488; x_wconf 82' lang='lat' dir='ltr'><strong>Theophilo</strong></span> <span class='ocrx_word' id='word_1_114' title='bbox 1372 1423 1453 1487; x_wconf 76' lang='lat' dir='ltr'><strong>rege</strong></span> <span class='ocrx_word' id='word_1_115' title='bbox 1476 1402 1604 1468; x_wconf 82' lang='lat' dir='ltr'><strong>celebre</strong></span> 
     </span>
     <span class='ocr_line' id='line_1_12' title="bbox 150 1501 1604 1592; baseline 0.001 -26"><span class='ocrx_word' id='word_1_116' title='bbox 150 1503 346 1569; x_wconf 85' lang='lat' dir='ltr'><strong>coenobium</strong></span> <span class='ocrx_word' id='word_1_117' title='bbox 373 1501 561 1568; x_wconf 86' lang='lat' dir='ltr'><strong>condidisse</strong></span> <span class='ocrx_word' id='word_1_118' title='bbox 589 1525 747 1590; x_wconf 88' lang='lat' dir='ltr'><strong>suumque</strong></span> <span class='ocrx_word' id='word_1_119' title='bbox 775 1527 894 1570; x_wconf 89' lang='lat' dir='ltr'><strong>nomen</strong></span> <span class='ocrx_word' id='word_1_120' title='bbox 920 1503 1081 1570; x_wconf 87' lang='lat' dir='ltr'><strong>indidisse</strong></span> <span class='ocrx_word' id='word_1_121' title='bbox 1103 1512 1264 1587; x_wconf 89' lang='lat' dir='ltr'><strong>narratur,</strong></span> <span class='ocrx_word' id='word_1_122' title='bbox 1288 1503 1418 1568; x_wconf 85' lang='lat' dir='ltr'><strong>differre</strong></span> <span class='ocrx_word' id='word_1_123' title='bbox 1440 1503 1604 1592; x_wconf 78' lang='lat' dir='ltr'><strong>Chrysan-</strong></span> 
     </span>
     <span class='ocr_line' id='line_1_13' title="bbox 153 1604 1604 1692; baseline -0.001 -20"><span class='ocrx_word' id='word_1_124' title='bbox 153 1604 230 1672; x_wconf 83' lang='lat' dir='ltr'><strong>thus</strong></span> <span class='ocrx_word' id='word_1_125' title='bbox 254 1606 393 1684; x_wconf 85' lang='grc' dir='ltr'>Θεωρητ.</span> <span class='ocrx_word' id='word_1_126' title='bbox 416 1627 449 1691; x_wconf 88' lang='lat' dir='ltr'><strong>p.</strong></span> <span class='ocrx_word' id='word_1_127' title='bbox 471 1605 511 1669; x_wconf 75' lang='lat'><strong>37</strong></span> <span class='ocrx_word' id='word_1_128' title='bbox 535 1607 668 1670; x_wconf 88' lang='lat' dir='ltr'><strong>monuit.</strong></span> <span class='ocrx_word' id='word_1_129' title='bbox 713 1604 778 1670; x_wconf 85' lang='lat' dir='ltr'><strong>Sed</strong></span> <span class='ocrx_word' id='word_1_130' title='bbox 807 1628 882 1670; x_wconf 92' lang='lat' dir='ltr'><strong>eum</strong></span> <span class='ocrx_word' id='word_1_131' title='bbox 910 1605 1034 1673; x_wconf 79' lang='grc' dir='ltr'>Εἰκαςὶα</span> <span class='ocrx_word' id='word_1_132' title='bbox 1061 1617 1093 1672; x_wconf 90' lang='lat' dir='ltr'><strong>et</strong></span> <span class='ocrx_word' id='word_1_133' title='bbox 1120 1607 1192 1692; x_wconf 88' lang='lat' dir='ltr'><strong>ipsa</strong></span> <span class='ocrx_word' id='word_1_134' title='bbox 1218 1606 1362 1679; x_wconf 85' lang='lat' dir='ltr'><strong>carmina</strong></span> <span class='ocrx_word' id='word_1_135' title='bbox 1384 1607 1604 1690; x_wconf 78' lang='lat' dir='ltr'><strong>composuisse</strong></span> 
     </span>
     <span class='ocr_line' id='line_1_14' title="bbox 154 1705 1605 1793; baseline 0.001 -23"><span class='ocrx_word' id='word_1_136' title='bbox 154 1707 284 1772; x_wconf 87' lang='lat' dir='ltr'><strong>dicatur</strong></span> <span class='ocrx_word' id='word_1_137' title='bbox 305 1716 338 1770; x_wconf 91' lang='lat' dir='ltr'><strong>et</strong></span> <span class='ocrx_word' id='word_1_138' title='bbox 360 1706 494 1771; x_wconf 87' lang='lat' dir='ltr'><strong>nomina</strong></span> <span class='ocrx_word' id='word_1_139' title='bbox 522 1707 633 1772; x_wconf 82' lang='grc' dir='ltr'>Καςίας</span> <span class='ocrx_word' id='word_1_140' title='bbox 661 1716 693 1772; x_wconf 90' lang='lat' dir='ltr'><strong>ct</strong></span> <span class='ocrx_word' id='word_1_141' title='bbox 721 1709 848 1774; x_wconf 85' lang='grc' dir='ltr'>Ἰκαςίας</span> <span class='ocrx_word' id='word_1_142' title='bbox 875 1707 910 1772; x_wconf 86' lang='grc' dir='ltr'><strong>ἰττ</strong></span> <span class='ocrx_word' id='word_1_143' title='bbox 942 1705 1036 1772; x_wconf 91' lang='lat' dir='ltr'><strong>libris</strong></span> <span class='ocrx_word' id='word_1_144' title='bbox 1064 1717 1312 1788; x_wconf 83' lang='lat' dir='ltr'><strong>commutentur,</strong></span> <span class='ocrx_word' id='word_1_145' title='bbox 1344 1707 1534 1793; x_wconf 87' lang='lat' dir='ltr'><strong>priusquam</strong></span> <span class='ocrx_word' id='word_1_146' title='bbox 1563 1707 1605 1772; x_wconf 90' lang='lat' dir='ltr'><strong>de</strong></span> 
     </span>
     <span class='ocr_line' id='line_1_15' title="bbox 153 1806 1664 1895; baseline 0 -23"><span class='ocrx_word' id='word_1_147' title='bbox 153 1808 303 1873; x_wconf 89' lang='lat' dir='ltr'><strong>ecdicum</strong></span> <span class='ocrx_word' id='word_1_148' title='bbox 336 1808 636 1893; x_wconf 86' lang='lat' dir='ltr'><strong>antiquissimorum</strong></span> <span class='ocrx_word' id='word_1_149' title='bbox 669 1807 734 1872; x_wconf 90' lang='lat' dir='ltr'><strong>fide</strong></span> <span class='ocrx_word' id='word_1_150' title='bbox 764 1810 947 1894; x_wconf 86' lang='lat' dir='ltr'><strong>quaesitum</strong></span> <span class='ocrx_word' id='word_1_151' title='bbox 975 1809 1034 1891; x_wconf 88' lang='lat' dir='ltr'><strong>sit,</strong></span> <span class='ocrx_word' id='word_1_152' title='bbox 1061 1830 1129 1874; x_wconf 89' lang='lat' dir='ltr'><strong>rem</strong></span> <span class='ocrx_word' id='word_1_153' title='bbox 1157 1811 1191 1873; x_wconf 89' lang='lat' dir='ltr'><strong>in</strong></span> <span class='ocrx_word' id='word_1_154' title='bbox 1219 1808 1327 1874; x_wconf 91' lang='lat' dir='ltr'><strong>medio</strong></span> <span class='ocrx_word' id='word_1_155' title='bbox 1357 1806 1606 1895; x_wconf 87' lang='lat' dir='ltr'><strong>relinquendam</strong></span> <span class='ocrx_word' id='word_1_156' title='bbox 1659 1819 1664 1830; x_wconf 79' lang='grc'><em>’</em></span> 
     </span>
     <span class='ocr_line' id='line_1_16' title="bbox 153 1927 1089 1974; baseline -0.011 0"><span class='ocrx_word' id='word_1_157' title='bbox 153 1931 227 1974; x_wconf 90' lang='lat' dir='ltr'><strong>esse</strong></span> <span class='ocrx_word' id='word_1_158' title='bbox 250 1930 376 1973; x_wconf 90' lang='lat' dir='ltr'><strong>censeo.</strong></span> <span class='ocrx_word' id='word_1_159' title='bbox 1085 1927 1089 1935; x_wconf 93' lang='lat'>·</span> 
     </span>
    </p>

    <p class='ocr_par' dir='ltr' id='par_1_3' title="bbox 153 2010 1606 4514">
     <span class='ocr_line' id='line_1_17' title="bbox 241 2010 1604 2098; baseline 0.001 -22"><span class='ocrx_word' id='word_1_160' title='bbox 241 2012 389 2092; x_wconf 87' lang='grc' dir='ltr'>Καςμᾶς</span> <span class='ocrx_word' id='word_1_161' title='bbox 416 2011 567 2098; x_wconf 88' lang='lat' dir='ltr'><strong>princeps</strong></span> <span class='ocrx_word' id='word_1_162' title='bbox 596 2010 797 2077; x_wconf 88' lang='lat' dir='ltr'><strong>melodorum</strong></span> <span class='ocrx_word' id='word_1_163' title='bbox 823 2033 1015 2096; x_wconf 87' lang='lat' dir='ltr'><strong>graecorum</strong></span> <span class='ocrx_word' id='word_1_164' title='bbox 1041 2022 1157 2079; x_wconf 84' lang='lat' dir='ltr'><strong>octavo</strong></span> <span class='ocrx_word' id='word_1_165' title='bbox 1190 2010 1321 2078; x_wconf 89' lang='lat' dir='ltr'><strong>saeculo</strong></span> <span class='ocrx_word' id='word_1_166' title='bbox 1348 2010 1455 2074; x_wconf 91' lang='lat' dir='ltr'><strong>medio</strong></span> <span class='ocrx_word' id='word_1_167' title='bbox 1483 2010 1604 2094; x_wconf 89' lang='lat' dir='ltr'><strong>floruit,</strong></span> 
     </span>
     <span class='ocr_line' id='line_1_18' title="bbox 155 2111 1604 2200; baseline 0.001 -26"><span class='ocrx_word' id='word_1_168' title='bbox 155 2111 287 2176; x_wconf 88' lang='lat' dir='ltr'><strong>Ioannis</strong></span> <span class='ocrx_word' id='word_1_169' title='bbox 315 2111 511 2176; x_wconf 88' lang='lat' dir='ltr'><strong>Damasceni</strong></span> <span class='ocrx_word' id='word_1_170' title='bbox 540 2113 686 2178; x_wconf 91' lang='lat' dir='ltr'><strong>aemulus</strong></span> <span class='ocrx_word' id='word_1_171' title='bbox 716 2122 749 2178; x_wconf 93' lang='lat' dir='ltr'><strong>et</strong></span> <span class='ocrx_word' id='word_1_172' title='bbox 776 2115 1029 2187; x_wconf 85' lang='lat' dir='ltr'><strong>contubernalis.</strong></span> <span class='ocrx_word' id='word_1_173' title='bbox 1075 2113 1205 2180; x_wconf 87' lang='lat' dir='ltr'><strong>Etenim</strong></span> <span class='ocrx_word' id='word_1_174' title='bbox 1228 2135 1248 2176; x_wconf 89' lang='lat' dir='ltr'><strong>a</strong></span> <span class='ocrx_word' id='word_1_175' title='bbox 1269 2123 1361 2200; x_wconf 90' lang='lat' dir='ltr'><strong>patre</strong></span> <span class='ocrx_word' id='word_1_176' title='bbox 1384 2112 1515 2177; x_wconf 90' lang='lat' dir='ltr'><strong>Ioannis</strong></span> <span class='ocrx_word' id='word_1_177' title='bbox 1538 2133 1604 2176; x_wconf 91' lang='lat' dir='ltr'><strong>me-</strong></span> 
     </span>
     <span class='ocr_line' id='line_1_19' title="bbox 154 2211 1605 2302; baseline 0.001 -24"><span class='ocrx_word' id='word_1_178' title='bbox 154 2213 238 2294; x_wconf 91' lang='lat' dir='ltr'><strong>lodi,</strong></span> <span class='ocrx_word' id='word_1_179' title='bbox 262 2213 334 2276; x_wconf 85' lang='lat' dir='ltr'><strong>cive</strong></span> <span class='ocrx_word' id='word_1_180' title='bbox 356 2211 560 2278; x_wconf 88' lang='lat' dir='ltr'><strong>nobilissimo</strong></span> <span class='ocrx_word' id='word_1_181' title='bbox 583 2214 753 2295; x_wconf 90' lang='lat' dir='ltr'><strong>Damasci,</strong></span> <span class='ocrx_word' id='word_1_182' title='bbox 777 2214 952 2302; x_wconf 87' lang='lat' dir='ltr'><strong>adoptatus</strong></span> <span class='ocrx_word' id='word_1_183' title='bbox 976 2238 1040 2281; x_wconf 89' lang='lat' dir='ltr'><strong>una</strong></span> <span class='ocrx_word' id='word_1_184' title='bbox 1055 2215 1134 2282; x_wconf 73' lang='lat' dir='ltr'><strong>&#39;cum</strong></span> <span class='ocrx_word' id='word_1_185' title='bbox 1156 2215 1280 2281; x_wconf 89' lang='lat' dir='ltr'><strong>Ioanne</strong></span> <span class='ocrx_word' id='word_1_186' title='bbox 1303 2213 1368 2278; x_wconf 93' lang='lat' dir='ltr'><strong>filio</strong></span> <span class='ocrx_word' id='word_1_187' title='bbox 1392 2211 1549 2278; x_wconf 90' lang='lat' dir='ltr'><strong>educatus</strong></span> <span class='ocrx_word' id='word_1_188' title='bbox 1573 2223 1605 2280; x_wconf 92' lang='lat' dir='ltr'><strong>et</strong></span> 
     </span>
     <span class='ocr_line' id='line_1_20' title="bbox 154 2313 1604 2402; baseline 0.001 -25"><span class='ocrx_word' id='word_1_189' title='bbox 154 2315 324 2379; x_wconf 87' lang='lat' dir='ltr'><strong>institutus</strong></span> <span class='ocrx_word' id='word_1_190' title='bbox 347 2323 406 2379; x_wconf 91' lang='lat' dir='ltr'><strong>est.</strong></span> <span class='ocrx_word' id='word_1_191' title='bbox 443 2313 603 2399; x_wconf 88' lang='lat' dir='ltr'><strong>Magistro</strong></span> <span class='ocrx_word' id='word_1_192' title='bbox 618 2325 726 2381; x_wconf 89' lang='lat' dir='ltr'><strong>autem</strong></span> <span class='ocrx_word' id='word_1_193' title='bbox 742 2319 864 2402; x_wconf 91' lang='lat' dir='ltr'><strong>optimo</strong></span> <span class='ocrx_word' id='word_1_194' title='bbox 880 2327 913 2383; x_wconf 91' lang='lat' dir='ltr'><strong>et</strong></span> <span class='ocrx_word' id='word_1_195' title='bbox 928 2317 1116 2383; x_wconf 86' lang='lat' dir='ltr'><strong>doctissimo</strong></span> <span class='ocrx_word' id='word_1_196' title='bbox 1138 2314 1317 2382; x_wconf 91' lang='lat' dir='ltr'><strong>utebantur</strong></span> <span class='ocrx_word' id='word_1_197' title='bbox 1332 2313 1452 2379; x_wconf 86' lang='lat' dir='ltr'><strong>Cosma</strong></span> <span class='ocrx_word' id='word_1_198' title='bbox 1473 2317 1604 2396; x_wconf 88' lang='lat' dir='ltr'><strong>maiore,</strong></span> 
     </span>
     <span class='ocr_line' id='line_1_21' title="bbox 154 2413 1606 2506; baseline 0.001 -27"><span class='ocrx_word' id='word_1_199' title='bbox 154 2437 251 2502; x_wconf 92' lang='lat' dir='ltr'><strong>quem</strong></span> <span class='ocrx_word' id='word_1_200' title='bbox 274 2437 316 2480; x_wconf 81' lang='lat' dir='ltr'><strong>ex</strong></span> <span class='ocrx_word' id='word_1_201' title='bbox 338 2413 451 2480; x_wconf 89' lang='lat' dir='ltr'><strong>Sicilia</strong></span> <span class='ocrx_word' id='word_1_202' title='bbox 472 2414 645 2480; x_wconf 91' lang='lat' dir='ltr'><strong>oriundum</strong></span> <span class='ocrx_word' id='word_1_203' title='bbox 667 2427 700 2482; x_wconf 89' lang='lat' dir='ltr'><strong>et</strong></span> <span class='ocrx_word' id='word_1_204' title='bbox 722 2417 764 2482; x_wconf 89' lang='lat' dir='ltr'><strong>ab</strong></span> <span class='ocrx_word' id='word_1_205' title='bbox 786 2417 953 2484; x_wconf 88' lang='lat' dir='ltr'><strong>Arabibus</strong></span> <span class='ocrx_word' id='word_1_206' title='bbox 980 2428 1112 2506; x_wconf 89' lang='lat' dir='ltr'><strong>captum</strong></span> <span class='ocrx_word' id='word_1_207' title='bbox 1140 2427 1233 2504; x_wconf 89' lang='lat' dir='ltr'><strong>pater</strong></span> <span class='ocrx_word' id='word_1_208' title='bbox 1260 2415 1392 2481; x_wconf 90' lang='lat' dir='ltr'><strong>Ioannis</strong></span> <span class='ocrx_word' id='word_1_209' title='bbox 1421 2414 1606 2480; x_wconf 86' lang='lat' dir='ltr'><strong>redemerat</strong></span> 
     </span>
     <span class='ocr_line' id='line_1_22' title="bbox 153 2515 1605 2606; baseline 0 -25"><span class='ocrx_word' id='word_1_210' title='bbox 153 2517 421 2605; x_wconf 85' lang='lat' dir='ltr'><strong>redemptumque</strong></span> <span class='ocrx_word' id='word_1_211' title='bbox 451 2517 485 2579; x_wconf 92' lang='lat' dir='ltr'><strong>in</strong></span> <span class='ocrx_word' id='word_1_212' title='bbox 512 2515 696 2584; x_wconf 83' lang='lat' dir='ltr'><strong>libertatem</strong></span> <span class='ocrx_word' id='word_1_213' title='bbox 726 2518 961 2586; x_wconf 84' lang='lat' dir='ltr'><strong>vindicaverat.</strong></span> <span class='ocrx_word' id='word_1_214' title='bbox 1006 2519 1223 2606; x_wconf 79' lang='lat' dir='ltr'><strong>Cognomines</strong></span> <span class='ocrx_word' id='word_1_215' title='bbox 1246 2517 1280 2582; x_wconf 92' lang='lat' dir='ltr'><strong>hi</strong></span> <span class='ocrx_word' id='word_1_216' title='bbox 1302 2517 1441 2583; x_wconf 87' lang='lat' dir='ltr'><strong>Cosmae</strong></span> <span class='ocrx_word' id='word_1_217' title='bbox 1469 2539 1605 2602; x_wconf 86' lang='lat' dir='ltr'><strong>magnas</strong></span> 
     </span>
     <span class='ocr_line' id='line_1_23' title="bbox 154 2617 1606 2707; baseline -0.001 -23"><span class='ocrx_word' id='word_1_218' title='bbox 154 2622 269 2684; x_wconf 88' lang='lat' dir='ltr'><strong>turbas</strong></span> <span class='ocrx_word' id='word_1_219' title='bbox 293 2641 365 2683; x_wconf 91' lang='lat' dir='ltr'><strong>cum</strong></span> <span class='ocrx_word' id='word_1_220' title='bbox 388 2617 461 2683; x_wconf 91' lang='lat' dir='ltr'><strong>aliis</strong></span> <span class='ocrx_word' id='word_1_221' title='bbox 483 2628 552 2683; x_wconf 92' lang='lat' dir='ltr'><strong>tum</strong></span> <span class='ocrx_word' id='word_1_222' title='bbox 575 2619 737 2686; x_wconf 86' lang='lat' dir='ltr'><strong>Gerherto</strong></span> <span class='ocrx_word' id='word_1_223' title='bbox 760 2631 949 2704; x_wconf 88' lang='lat' dir='ltr'><strong>moverunt,</strong></span> <span class='ocrx_word' id='word_1_224' title='bbox 977 2623 1033 2707; x_wconf 92' lang='lat' dir='ltr'><strong>qui</strong></span> <span class='ocrx_word' id='word_1_225' title='bbox 1056 2622 1090 2685; x_wconf 92' lang='lat' dir='ltr'><strong>in</strong></span> <span class='ocrx_word' id='word_1_226' title='bbox 1116 2619 1201 2686; x_wconf 92' lang='lat' dir='ltr'><strong>libro</strong></span> <span class='ocrx_word' id='word_1_227' title='bbox 1229 2620 1281 2684; x_wconf 91' lang='lat' dir='ltr'><strong>De</strong></span> <span class='ocrx_word' id='word_1_228' title='bbox 1303 2629 1402 2684; x_wconf 87' lang='lat' dir='ltr'><strong>cantu</strong></span> <span class='ocrx_word' id='word_1_229' title='bbox 1425 2626 1458 2682; x_wconf 92' lang='lat' dir='ltr'><strong>et</strong></span> <span class='ocrx_word' id='word_1_230' title='bbox 1480 2619 1606 2682; x_wconf 90' lang='lat' dir='ltr'><strong>musica</strong></span> 
     </span>
     <span class='ocr_line' id='line_1_24' title="bbox 154 2717 1605 2809; baseline -0.001 -24"><span class='ocrx_word' id='word_1_231' title='bbox 154 2742 250 2786; x_wconf 87' lang='lat' dir='ltr'><strong>sacra</strong></span> <span class='ocrx_word' id='word_1_232' title='bbox 273 2720 316 2801; x_wconf 93' lang='lat' dir='ltr'><strong>II,</strong></span> <span class='ocrx_word' id='word_1_233' title='bbox 340 2720 360 2784; x_wconf 81' lang='lat'><strong>9</strong></span> <span class='ocrx_word' id='word_1_234' title='bbox 381 2720 534 2785; x_wconf 76' lang='lat' dir='ltr'><strong>(lesinam</strong></span> <span class='ocrx_word' id='word_1_235' title='bbox 557 2719 701 2787; x_wconf 90' lang='lat' dir='ltr'><strong>Siculum</strong></span> <span class='ocrx_word' id='word_1_236' title='bbox 725 2719 949 2807; x_wconf 90' lang='lat' dir='ltr'><strong>plurimorum,</strong></span> <span class='ocrx_word' id='word_1_237' title='bbox 972 2723 1028 2809; x_wconf 92' lang='lat' dir='ltr'><strong>qui</strong></span> <span class='ocrx_word' id='word_1_238' title='bbox 1051 2722 1112 2786; x_wconf 93' lang='lat' dir='ltr'><strong>sub</strong></span> <span class='ocrx_word' id='word_1_239' title='bbox 1135 2723 1272 2808; x_wconf 82' lang='lat' dir='ltr'><strong>Cosmae</strong></span> <span class='ocrx_word' id='word_1_240' title='bbox 1294 2723 1424 2784; x_wconf 91' lang='lat' dir='ltr'><strong>nomine</strong></span> <span class='ocrx_word' id='word_1_241' title='bbox 1446 2717 1605 2802; x_wconf 82' lang='lat' dir='ltr'><strong>feruntur,</strong></span> 
     </span>
     <span class='ocr_line' id='line_1_25' title="bbox 154 2821 1605 2907; baseline -0.002 -19"><span class='ocrx_word' id='word_1_242' title='bbox 154 2844 315 2888; x_wconf 89' lang='lat' dir='ltr'><strong>canonum</strong></span> <span class='ocrx_word' id='word_1_243' title='bbox 337 2832 501 2888; x_wconf 85' lang='lat' dir='ltr'><strong>auctorem</strong></span> <span class='ocrx_word' id='word_1_244' title='bbox 523 2822 611 2887; x_wconf 88' lang='lat' dir='ltr'><strong>facit.</strong></span> <span class='ocrx_word' id='word_1_245' title='bbox 657 2824 703 2887; x_wconf 89' lang='lat' dir='ltr'><strong>At</strong></span> <span class='ocrx_word' id='word_1_246' title='bbox 724 2845 798 2888; x_wconf 93' lang='lat' dir='ltr'><strong>cum</strong></span> <span class='ocrx_word' id='word_1_247' title='bbox 820 2825 957 2888; x_wconf 77' lang='lat' dir='ltr'><strong>Cosmus</strong></span> <span class='ocrx_word' id='word_1_248' title='bbox 979 2821 1034 2888; x_wconf 91' lang='lat' dir='ltr'><strong>ille</strong></span> <span class='ocrx_word' id='word_1_249' title='bbox 1055 2822 1160 2887; x_wconf 87' lang='lat' dir='ltr'><strong>maior</strong></span> <span class='ocrx_word' id='word_1_250' title='bbox 1182 2823 1346 2907; x_wconf 87' lang='lat' dir='ltr'><strong>magister,</strong></span> <span class='ocrx_word' id='word_1_251' title='bbox 1369 2841 1435 2884; x_wconf 88' lang='lat' dir='ltr'><strong>non</strong></span> <span class='ocrx_word' id='word_1_252' title='bbox 1456 2821 1605 2886; x_wconf 89' lang='lat' dir='ltr'><strong>melodus</strong></span> 
     </span>
     <span class='ocr_line' id='line_1_26' title="bbox 154 2921 1605 3009; baseline 0 -22"><span class='ocrx_word' id='word_1_253' title='bbox 154 2922 284 3006; x_wconf 87' lang='lat' dir='ltr'><strong>audiat,</strong></span> <span class='ocrx_word' id='word_1_254' title='bbox 313 2945 354 2986; x_wconf 90' lang='lat' dir='ltr'><strong>ne</strong></span> <span class='ocrx_word' id='word_1_255' title='bbox 376 2935 412 2990; x_wconf 93' lang='lat' dir='ltr'><strong>tu</strong></span> <span class='ocrx_word' id='word_1_256' title='bbox 436 2921 646 2989; x_wconf 84' lang='lat' dir='ltr'><strong>celeberrimo</strong></span> <span class='ocrx_word' id='word_1_257' title='bbox 675 2921 801 2990; x_wconf 91' lang='lat' dir='ltr'><strong>melodo</strong></span> <span class='ocrx_word' id='word_1_258' title='bbox 824 2946 899 2988; x_wconf 88' lang='lat' dir='ltr'><strong>suas</strong></span> <span class='ocrx_word' id='word_1_259' title='bbox 922 2922 1037 2989; x_wconf 89' lang='lat' dir='ltr'><strong>laudes</strong></span> <span class='ocrx_word' id='word_1_260' title='bbox 1061 2923 1213 2989; x_wconf 87' lang='lat' dir='ltr'><strong>detrahas</strong></span> <span class='ocrx_word' id='word_1_261' title='bbox 1236 2921 1425 3009; x_wconf 87' lang='lat' dir='ltr'><strong>alienasque</strong></span> <span class='ocrx_word' id='word_1_262' title='bbox 1447 2924 1605 3006; x_wconf 87' lang='lat' dir='ltr'><strong>magistro</strong></span> 
     </span>
     <span class='ocr_line' id='line_1_27' title="bbox 155 3022 1604 3112; baseline -0.001 -24"><span class='ocrx_word' id='word_1_263' title='bbox 155 3025 293 3090; x_wconf 89' lang='lat' dir='ltr'><strong>tribuas.</strong></span> <span class='ocrx_word' id='word_1_264' title='bbox 338 3022 424 3090; x_wconf 91' lang='lat' dir='ltr'><strong>Illud</strong></span> <span class='ocrx_word' id='word_1_265' title='bbox 452 3047 581 3112; x_wconf 91' lang='lat' dir='ltr'><strong>quoque</strong></span> <span class='ocrx_word' id='word_1_266' title='bbox 608 3045 742 3104; x_wconf 86' lang='lat' dir='ltr'><strong>caveas,</strong></span> <span class='ocrx_word' id='word_1_267' title='bbox 771 3047 812 3089; x_wconf 90' lang='lat' dir='ltr'><strong>ne</strong></span> <span class='ocrx_word' id='word_1_268' title='bbox 839 3025 926 3111; x_wconf 90' lang='lat' dir='ltr'><strong>quod</strong></span> <span class='ocrx_word' id='word_1_269' title='bbox 954 3024 1157 3092; x_wconf 85' lang='lat' dir='ltr'><strong>celeberrimi</strong></span> <span class='ocrx_word' id='word_1_270' title='bbox 1185 3024 1304 3090; x_wconf 88' lang='lat' dir='ltr'><strong>melodi</strong></span> <span class='ocrx_word' id='word_1_271' title='bbox 1331 3023 1442 3109; x_wconf 85' lang='lat' dir='ltr'><strong>graeci</strong></span> <span class='ocrx_word' id='word_1_272' title='bbox 1470 3023 1604 3088; x_wconf 85' lang='lat' dir='ltr'><strong>Cosmas</strong></span> 
     </span>
     <span class='ocr_line' id='line_1_28' title="bbox 155 3125 1605 3210; baseline -0.001 -20"><span class='ocrx_word' id='word_1_273' title='bbox 155 3136 189 3191; x_wconf 91' lang='lat' dir='ltr'><strong>et</strong></span> <span class='ocrx_word' id='word_1_274' title='bbox 217 3126 356 3191; x_wconf 87' lang='lat' dir='ltr'><strong>Ioannes</strong></span> <span class='ocrx_word' id='word_1_275' title='bbox 382 3127 425 3192; x_wconf 90' lang='lat' dir='ltr'><strong>ab</strong></span> <span class='ocrx_word' id='word_1_276' title='bbox 453 3125 561 3192; x_wconf 88' lang='lat' dir='ltr'><strong>Siculo</strong></span> <span class='ocrx_word' id='word_1_277' title='bbox 590 3126 748 3210; x_wconf 88' lang='lat' dir='ltr'><strong>magistro</strong></span> <span class='ocrx_word' id='word_1_278' title='bbox 775 3126 916 3191; x_wconf 89' lang='lat' dir='ltr'><strong>instituti</strong></span> <span class='ocrx_word' id='word_1_279' title='bbox 948 3149 1019 3192; x_wconf 90' lang='lat' dir='ltr'><strong>esse</strong></span> <span class='ocrx_word' id='word_1_280' title='bbox 1046 3127 1207 3210; x_wconf 83' lang='lat' dir='ltr'><strong>feruntur,</strong></span> <span class='ocrx_word' id='word_1_281' title='bbox 1238 3127 1396 3191; x_wconf 87' lang='lat' dir='ltr'><strong>musicam</strong></span> <span class='ocrx_word' id='word_1_282' title='bbox 1429 3134 1530 3190; x_wconf 88' lang='lat' dir='ltr'><strong>artem</strong></span> <span class='ocrx_word' id='word_1_283' title='bbox 1563 3147 1605 3190; x_wconf 89' lang='lat' dir='ltr'><strong>ex</strong></span> 
     </span>
     <span class='ocr_line' id='line_1_29' title="bbox 154 3213 1603 3312; baseline -0.002 -20"><span class='ocrx_word' id='word_1_284' title='bbox 154 3226 268 3292; x_wconf 81' lang='lat' dir='ltr'><strong>Sicilia</strong></span> <span class='ocrx_word' id='word_1_285' title='bbox 290 3236 323 3291; x_wconf 91' lang='lat' dir='ltr'><strong>et</strong></span> <span class='ocrx_word' id='word_1_286' title='bbox 345 3227 442 3291; x_wconf 85' lang='lat' dir='ltr'><strong>Italia</strong></span> <span class='ocrx_word' id='word_1_287' title='bbox 463 3229 497 3292; x_wconf 91' lang='lat' dir='ltr'><strong>in</strong></span> <span class='ocrx_word' id='word_1_288' title='bbox 518 3227 675 3292; x_wconf 89' lang='lat' dir='ltr'><strong>orientem</strong></span> <span class='ocrx_word' id='word_1_289' title='bbox 698 3236 904 3312; x_wconf 77' lang='lat' dir='ltr'><strong>apportatum</strong></span> <span class='ocrx_word' id='word_1_290' title='bbox 927 3250 999 3293; x_wconf 89' lang='lat' dir='ltr'><strong>esse</strong></span> <span class='ocrx_word' id='word_1_291' title='bbox 1022 3228 1158 3293; x_wconf 91' lang='lat' dir='ltr'><strong>iudices.</strong></span> <span class='ocrx_word' id='word_1_292' title='bbox 1203 3213 1335 3294; x_wconf 87' lang='lat' dir='ltr'><strong>Etenim</strong></span> <span class='ocrx_word' id='word_1_293' title='bbox 1358 3228 1425 3292; x_wconf 88' lang='lat' dir='ltr'><strong>iam</strong></span> <span class='ocrx_word' id='word_1_294' title='bbox 1445 3236 1522 3291; x_wconf 85' lang='lat' dir='ltr'><strong>ante</strong></span> <span class='ocrx_word' id='word_1_295' title='bbox 1544 3226 1603 3291; x_wconf 91' lang='lat' dir='ltr'><strong>hos</strong></span> 
     </span>
     <span class='ocr_line' id='line_1_30' title="bbox 155 3325 1603 3416; baseline -0.001 -25"><span class='ocrx_word' id='word_1_296' title='bbox 155 3327 302 3395; x_wconf 89' lang='lat' dir='ltr'><strong>melodos</strong></span> <span class='ocrx_word' id='word_1_297' title='bbox 325 3325 609 3414; x_wconf 84' lang='lat' dir='ltr'><strong>Constantinopoli</strong></span> <span class='ocrx_word' id='word_1_298' title='bbox 638 3337 671 3392; x_wconf 89' lang='lat' dir='ltr'><strong>et</strong></span> <span class='ocrx_word' id='word_1_299' title='bbox 698 3326 936 3415; x_wconf 87' lang='lat' dir='ltr'><strong>Hierosolymis</strong></span> <span class='ocrx_word' id='word_1_300' title='bbox 965 3331 1055 3416; x_wconf 91' lang='lat' dir='ltr'><strong>poesi</strong></span> <span class='ocrx_word' id='word_1_301' title='bbox 1083 3328 1326 3395; x_wconf 87' lang='lat' dir='ltr'><strong>ecclesiasticae</strong></span> <span class='ocrx_word' id='word_1_302' title='bbox 1354 3349 1486 3415; x_wconf 86' lang='lat' dir='ltr'><strong>operam</strong></span> <span class='ocrx_word' id='word_1_303' title='bbox 1508 3349 1603 3392; x_wconf 86' lang='lat' dir='ltr'><strong>nava-</strong></span> 
     </span>
     <span class='ocr_line' id='line_1_31' title="bbox 153 3428 1604 3517; baseline -0.002 -23"><span class='ocrx_word' id='word_1_304' title='bbox 153 3439 221 3494; x_wconf 88' lang='lat' dir='ltr'><strong>tam</strong></span> <span class='ocrx_word' id='word_1_305' title='bbox 244 3452 316 3494; x_wconf 88' lang='lat' dir='ltr'><strong>esse</strong></span> <span class='ocrx_word' id='word_1_306' title='bbox 338 3431 410 3516; x_wconf 84' lang='lat' dir='ltr'><strong>ipsa</strong></span> <span class='ocrx_word' id='word_1_307' title='bbox 431 3430 564 3495; x_wconf 89' lang='lat' dir='ltr'><strong>nomina</strong></span> <span class='ocrx_word' id='word_1_308' title='bbox 586 3429 746 3509; x_wconf 91' lang='lat' dir='ltr'><strong>Anthimi,</strong></span> <span class='ocrx_word' id='word_1_309' title='bbox 770 3429 937 3512; x_wconf 85' lang='lat' dir='ltr'><strong>Timoclis‚</strong></span> <span class='ocrx_word' id='word_1_310' title='bbox 960 3430 1148 3517; x_wconf 87' lang='lat' dir='ltr'><strong>Sophronii,</strong></span> <span class='ocrx_word' id='word_1_311' title='bbox 1171 3429 1335 3510; x_wconf 84' lang='lat' dir='ltr'><strong>Andreae,</strong></span> <span class='ocrx_word' id='word_1_312' title='bbox 1357 3428 1495 3494; x_wconf 87' lang='lat' dir='ltr'><strong>aliorum</strong></span> <span class='ocrx_word' id='word_1_313' title='bbox 1518 3428 1604 3492; x_wconf 91' lang='lat' dir='ltr'><strong>lucu-</strong></span> 
     </span>
     <span class='ocr_line' id='line_1_32' title="bbox 153 3517 1606 3617; baseline -0.001 -23"><span class='ocrx_word' id='word_1_314' title='bbox 153 3531 334 3595; x_wconf 88' lang='lat' dir='ltr'><strong>lentissime</strong></span> <span class='ocrx_word' id='word_1_315' title='bbox 362 3517 609 3597; x_wconf 48' lang='lat' dir='ltr'><strong>demonstrant.¹</strong></span> <span class='ocrx_word' id='word_1_316' title='bbox 640 3531 825 3595; x_wconf 87' lang='lat' dir='ltr'><strong>Literarum</strong></span> <span class='ocrx_word' id='word_1_317' title='bbox 854 3533 955 3616; x_wconf 90' lang='lat' dir='ltr'><strong>igitur</strong></span> <span class='ocrx_word' id='word_1_318' title='bbox 982 3531 1165 3617; x_wconf 89' lang='lat' dir='ltr'><strong>artiumque</strong></span> <span class='ocrx_word' id='word_1_319' title='bbox 1192 3528 1400 3594; x_wconf 88' lang='lat' dir='ltr'><strong>honestarum</strong></span> <span class='ocrx_word' id='word_1_320' title='bbox 1432 3527 1606 3615; x_wconf 87' lang='lat' dir='ltr'><strong>disciplina</strong></span> 
     </span>
     <span class='ocr_line' id='line_1_33' title="bbox 153 3628 1605 3718; baseline -0.001 -23"><span class='ocrx_word' id='word_1_321' title='bbox 153 3633 285 3717; x_wconf 83' lang='lat' dir='ltr'><strong>egregie</strong></span> <span class='ocrx_word' id='word_1_322' title='bbox 308 3632 450 3696; x_wconf 89' lang='lat' dir='ltr'><strong>instituti</strong></span> <span class='ocrx_word' id='word_1_323' title='bbox 472 3633 607 3696; x_wconf 85' lang='lat' dir='ltr'><strong>Cosmas</strong></span> <span class='ocrx_word' id='word_1_324' title='bbox 636 3631 765 3696; x_wconf 91' lang='lat' dir='ltr'><strong>iuvenis</strong></span> <span class='ocrx_word' id='word_1_325' title='bbox 794 3655 867 3696; x_wconf 90' lang='lat' dir='ltr'><strong>cum</strong></span> <span class='ocrx_word' id='word_1_326' title='bbox 896 3631 1018 3696; x_wconf 87' lang='lat' dir='ltr'><strong>Ioanne</strong></span> <span class='ocrx_word' id='word_1_327' title='bbox 1045 3628 1270 3718; x_wconf 82' lang='lat' dir='ltr'><strong>condiscipulo</strong></span> <span class='ocrx_word' id='word_1_328' title='bbox 1299 3629 1461 3694; x_wconf 88' lang='lat' dir='ltr'><strong>Damasco</strong></span> <span class='ocrx_word' id='word_1_329' title='bbox 1490 3628 1605 3694; x_wconf 87' lang='lat' dir='ltr'><strong>relicta</strong></span> 
     </span>
     <span class='ocr_line' id='line_1_34' title="bbox 155 3729 1605 3819; baseline 0 -23"><span class='ocrx_word' id='word_1_330' title='bbox 155 3755 282 3798; x_wconf 86' lang='lat' dir='ltr'><strong>sacram</strong></span> <span class='ocrx_word' id='word_1_331' title='bbox 309 3732 424 3798; x_wconf 89' lang='lat' dir='ltr'><strong>urbem</strong></span> <span class='ocrx_word' id='word_1_332' title='bbox 452 3733 752 3819; x_wconf 85' lang='lat' dir='ltr'><strong>Hierosolymorum</strong></span> <span class='ocrx_word' id='word_1_333' title='bbox 782 3733 947 3819; x_wconf 89' lang='lat' dir='ltr'><strong>petierunt</strong></span> <span class='ocrx_word' id='word_1_334' title='bbox 974 3745 1006 3798; x_wconf 87' lang='lat' dir='ltr'><strong>et</strong></span> <span class='ocrx_word' id='word_1_335' title='bbox 1033 3733 1181 3799; x_wconf 90' lang='lat' dir='ltr'><strong>coenobii</strong></span> <span class='ocrx_word' id='word_1_336' title='bbox 1213 3729 1417 3797; x_wconf 88' lang='lat' dir='ltr'><strong>celeberrimi</strong></span> <span class='ocrx_word' id='word_1_337' title='bbox 1440 3731 1474 3798; x_wconf 88' lang='lat' dir='ltr'><strong>S.</strong></span> <span class='ocrx_word' id='word_1_338' title='bbox 1498 3733 1605 3798; x_wconf 84' lang='lat' dir='ltr'><strong>Sabae</strong></span> 
     </span>
     <span class='ocr_line' id='line_1_35' title="bbox 153 3833 1605 3923; baseline -0.001 -23"><span class='ocrx_word' id='word_1_339' title='bbox 153 3845 322 3900; x_wconf 87' lang='lat' dir='ltr'><strong>consortes</strong></span> <span class='ocrx_word' id='word_1_340' title='bbox 346 3834 424 3899; x_wconf 83' lang='lat' dir='ltr'><strong>facti</strong></span> <span class='ocrx_word' id='word_1_341' title='bbox 447 3844 533 3899; x_wconf 89' lang='lat' dir='ltr'><strong>sunt.</strong></span> <span class='ocrx_word' id='word_1_342' title='bbox 571 3833 677 3899; x_wconf 89' lang='lat' dir='ltr'><strong>Huius</strong></span> <span class='ocrx_word' id='word_1_343' title='bbox 700 3834 849 3899; x_wconf 92' lang='lat' dir='ltr'><strong>coenobii</strong></span> <span class='ocrx_word' id='word_1_344' title='bbox 871 3837 904 3899; x_wconf 91' lang='lat' dir='ltr'><strong>in</strong></span> <span class='ocrx_word' id='word_1_345' title='bbox 920 3834 987 3901; x_wconf 92' lang='lat' dir='ltr'><strong>otio</strong></span> <span class='ocrx_word' id='word_1_346' title='bbox 1004 3843 1176 3923; x_wconf 90' lang='lat' dir='ltr'><strong>postquam</strong></span> <span class='ocrx_word' id='word_1_347' title='bbox 1192 3833 1294 3898; x_wconf 89' lang='lat' dir='ltr'><strong>litoris</strong></span> <span class='ocrx_word' id='word_1_348' title='bbox 1311 3845 1344 3900; x_wconf 89' lang='lat' dir='ltr'><strong>et</strong></span> <span class='ocrx_word' id='word_1_349' title='bbox 1358 3855 1470 3900; x_wconf 88' lang='lat' dir='ltr'><strong>sacrae</strong></span> <span class='ocrx_word' id='word_1_350' title='bbox 1492 3857 1605 3899; x_wconf 91' lang='lat' dir='ltr'><strong>musae</strong></span> 
     </span>
     <span class='ocr_line' id='line_1_36' title="bbox 155 3936 1604 4024; baseline 0 -24"><span class='ocrx_word' id='word_1_351' title='bbox 155 3936 214 4000; x_wconf 90' lang='lat' dir='ltr'><strong>diu</strong></span> <span class='ocrx_word' id='word_1_352' title='bbox 229 3936 376 4018; x_wconf 86' lang='lat' dir='ltr'><strong>vaeavit,</strong></span> <span class='ocrx_word' id='word_1_353' title='bbox 398 3957 484 4000; x_wconf 88' lang='lat' dir='ltr'><strong>anno</strong></span> <span class='ocrx_word' id='word_1_354' title='bbox 507 3936 794 4021; x_wconf 88' lang='lat' dir='ltr'><strong>septingentesimo</strong></span> <span class='ocrx_word' id='word_1_355' title='bbox 817 3936 1066 4024; x_wconf 85' lang='lat' dir='ltr'><strong>quadragesimo</strong></span> <span class='ocrx_word' id='word_1_356' title='bbox 1083 3937 1180 4002; x_wconf 90' lang='lat' dir='ltr'><strong>tertio</strong></span> <span class='ocrx_word' id='word_1_357' title='bbox 1203 3936 1376 4022; x_wconf 87' lang='lat' dir='ltr'><strong>episcopus</strong></span> <span class='ocrx_word' id='word_1_358' title='bbox 1394 3936 1604 4001; x_wconf 89' lang='lat' dir='ltr'><strong>Maiumensis</strong></span> 
     </span>
     <span class='ocr_line' id='line_1_37' title="bbox 154 4035 1604 4128; baseline 0.001 -27"><span class='ocrx_word' id='word_1_359' title='bbox 154 4039 189 4101; x_wconf 92' lang='lat' dir='ltr'><strong>in</strong></span> <span class='ocrx_word' id='word_1_360' title='bbox 218 4060 297 4124; x_wconf 89' lang='lat' dir='ltr'><strong>agro</strong></span> <span class='ocrx_word' id='word_1_361' title='bbox 327 4037 504 4128; x_wconf 86' lang='lat' dir='ltr'><strong>Phoenicio</strong></span> <span class='ocrx_word' id='word_1_362' title='bbox 539 4037 658 4102; x_wconf 87' lang='lat' dir='ltr'><strong>electus</strong></span> <span class='ocrx_word' id='word_1_363' title='bbox 689 4048 752 4118; x_wconf 88' lang='lat' dir='ltr'><strong>est,</strong></span> <span class='ocrx_word' id='word_1_364' title='bbox 780 4059 886 4124; x_wconf 87' lang='lat' dir='ltr'><strong>aqua</strong></span> <span class='ocrx_word' id='word_1_365' title='bbox 915 4037 992 4102; x_wconf 89' lang='lat' dir='ltr'><strong>sede</strong></span> <span class='ocrx_word' id='word_1_366' title='bbox 1021 4035 1197 4125; x_wconf 89' lang='lat' dir='ltr'><strong>episcopali</strong></span> <span class='ocrx_word' id='word_1_367' title='bbox 1226 4037 1437 4102; x_wconf 88' lang='lat' dir='ltr'><strong>Maiumensis</strong></span> <span class='ocrx_word' id='word_1_368' title='bbox 1467 4040 1604 4119; x_wconf 86' lang='grc' dir='ltr'>(Κοςμᾶς</span> 
     </span>
     <span class='ocr_line' id='line_1_38' title="bbox 154 4136 1604 4222; baseline -0.001 -18"><span class='ocrx_word' id='word_1_369' title='bbox 154 4139 372 4222; x_wconf 85' lang='grc' dir='ltr'>ὁΜαϊουμᾱ),</span> <span class='ocrx_word' id='word_1_370' title='bbox 402 4149 438 4203; x_wconf 93' lang='lat' dir='ltr'><strong>ut</strong></span> <span class='ocrx_word' id='word_1_371' title='bbox 460 4138 503 4203; x_wconf 91' lang='lat' dir='ltr'><strong>ab</strong></span> <span class='ocrx_word' id='word_1_372' title='bbox 530 4136 687 4203; x_wconf 86' lang='lat' dir='ltr'><strong>coenobio</strong></span> <span class='ocrx_word' id='word_1_373' title='bbox 710 4137 742 4203; x_wconf 90' lang='lat' dir='ltr'><strong>S.</strong></span> <span class='ocrx_word' id='word_1_374' title='bbox 767 4138 873 4204; x_wconf 89' lang='lat' dir='ltr'><strong>Sabae</strong></span> <span class='ocrx_word' id='word_1_375' title='bbox 894 4140 1143 4221; x_wconf 81' lang='grc' dir='ltr'>Ἱεροςαλυμίταυ</span> <span class='ocrx_word' id='word_1_376' title='bbox 1166 4138 1219 4202; x_wconf 92' lang='lat' dir='ltr'><strong>vel</strong></span> <span class='ocrx_word' id='word_1_377' title='bbox 1241 4139 1465 4217; x_wconf 81' lang='grc' dir='ltr'>Ἁγιοπολίτοα</span> <span class='ocrx_word' id='word_1_378' title='bbox 1487 4159 1604 4222; x_wconf 87' lang='lat' dir='ltr'><strong>cogno-</strong></span> 
     </span>
     <span class='ocr_line' id='line_1_39' title="bbox 154 4238 1604 4327; baseline -0.002 -23"><span class='ocrx_word' id='word_1_379' title='bbox 154 4263 228 4304; x_wconf 91' lang='lat' dir='ltr'><strong>men</strong></span> <span class='ocrx_word' id='word_1_380' title='bbox 250 4239 387 4327; x_wconf 86' lang='lat' dir='ltr'><strong>aecepit.</strong></span> <span class='ocrx_word' id='word_1_381' title='bbox 431 4239 509 4304; x_wconf 87' lang='lat' dir='ltr'><strong>Vita</strong></span> <span class='ocrx_word' id='word_1_382' title='bbox 537 4261 615 4304; x_wconf 86' lang='lat' dir='ltr'><strong>vero</strong></span> <span class='ocrx_word' id='word_1_383' title='bbox 643 4239 790 4305; x_wconf 83' lang='lat' dir='ltr'><strong>defuncti</strong></span> <span class='ocrx_word' id='word_1_384' title='bbox 816 4249 943 4324; x_wconf 87' lang='lat' dir='ltr'><strong>gratam</strong></span> <span class='ocrx_word' id='word_1_385' title='bbox 974 4242 1162 4305; x_wconf 91' lang='lat' dir='ltr'><strong>memoriam</strong></span> <span class='ocrx_word' id='word_1_386' title='bbox 1190 4238 1327 4304; x_wconf 87' lang='lat' dir='ltr'><strong>ecclesia</strong></span> <span class='ocrx_word' id='word_1_387' title='bbox 1348 4261 1465 4324; x_wconf 90' lang='lat' dir='ltr'><strong>graeca</strong></span> <span class='ocrx_word' id='word_1_388' title='bbox 1493 4239 1604 4303; x_wconf 90' lang='lat' dir='ltr'><strong>ctiam-</strong></span> 
     </span>
     <span class='ocr_line' id='line_1_40' title="bbox 155 4337 1603 4425; baseline -0.003 -19"><span class='ocrx_word' id='word_1_389' title='bbox 155 4364 241 4406; x_wconf 90' lang='lat' dir='ltr'><strong>nunc</strong></span> <span class='ocrx_word' id='word_1_390' title='bbox 269 4340 323 4404; x_wconf 91' lang='lat' dir='ltr'><strong>die</strong></span> <span class='ocrx_word' id='word_1_391' title='bbox 345 4339 428 4406; x_wconf 82' lang='lat' dir='ltr'><strong>XIV</strong></span> <span class='ocrx_word' id='word_1_392' title='bbox 456 4341 576 4405; x_wconf 89' lang='lat' dir='ltr'><strong>mensis</strong></span> <span class='ocrx_word' id='word_1_393' title='bbox 605 4340 759 4406; x_wconf 88' lang='lat' dir='ltr'><strong>Octobris</strong></span> <span class='ocrx_word' id='word_1_394' title='bbox 792 4344 871 4424; x_wconf 92' lang='lat' dir='ltr'><strong>(non</strong></span> <span class='ocrx_word' id='word_1_395' title='bbox 893 4341 1103 4425; x_wconf 87' lang='lat' dir='ltr'><strong>Novembris,</strong></span> <span class='ocrx_word' id='word_1_396' title='bbox 1131 4351 1168 4406; x_wconf 90' lang='lat' dir='ltr'><strong>ut</strong></span> <span class='ocrx_word' id='word_1_397' title='bbox 1190 4339 1361 4404; x_wconf 81' lang='lat' dir='ltr'><strong>Fabricius</strong></span> <span class='ocrx_word' id='word_1_398' title='bbox 1385 4338 1467 4404; x_wconf 80' lang='lat' dir='ltr'><strong>falso</strong></span> <span class='ocrx_word' id='word_1_399' title='bbox 1490 4337 1603 4424; x_wconf 85' lang='lat' dir='ltr'><strong>re&#39;fert)</strong></span> 
     </span>
     <span class='ocr_line' id='line_1_41' title="bbox 154 4451 336 4514; baseline -0.005 -5"><span class='ocrx_word' id='word_1_400' title='bbox 154 4451 336 4514; x_wconf 85' lang='lat' dir='ltr'><strong>conservat</strong></span> 
     </span>
    </p>

    <p class='ocr_par' dir='ltr' id='par_1_4' title="bbox 94 4541 1604 4835">
     <span class='ocr_line' id='line_1_42' title="bbox 239 4541 1603 4630; baseline -0.002 -21"><span class='ocrx_word' id='word_1_401' title='bbox 239 4543 396 4630; x_wconf 87' lang='lat' dir='ltr'><strong>Magnum</strong></span> <span class='ocrx_word' id='word_1_402' title='bbox 419 4565 537 4609; x_wconf 92' lang='lat' dir='ltr'><strong>nomen</strong></span> <span class='ocrx_word' id='word_1_403' title='bbox 560 4545 696 4611; x_wconf 81' lang='lat' dir='ltr'><strong>Cosmus</strong></span> <span class='ocrx_word' id='word_1_404' title='bbox 718 4543 895 4609; x_wconf 89' lang='lat' dir='ltr'><strong>canonibus</strong></span> <span class='ocrx_word' id='word_1_405' title='bbox 912 4551 944 4608; x_wconf 89' lang='lat' dir='ltr'><strong>et</strong></span> <span class='ocrx_word' id='word_1_406' title='bbox 959 4541 1088 4607; x_wconf 88' lang='lat' dir='ltr'><strong>triodiis</strong></span> <span class='ocrx_word' id='word_1_407' title='bbox 1111 4543 1144 4606; x_wconf 89' lang='lat' dir='ltr'><strong>in</strong></span> <span class='ocrx_word' id='word_1_408' title='bbox 1167 4543 1387 4608; x_wconf 88' lang='lat' dir='ltr'><strong>solemnitates</strong></span> <span class='ocrx_word' id='word_1_409' title='bbox 1411 4543 1603 4629; x_wconf 87' lang='lat' dir='ltr'><strong>praecipuas</strong></span> 
     </span>
     <span class='ocr_line' id='line_1_43' title="bbox 94 4643 1604 4733; baseline 0.003 -29"><span class='ocrx_word' id='word_1_410' title='bbox 94 4701 96 4704; x_wconf 84' lang='lat'>.</span> <span class='ocrx_word' id='word_1_411' title='bbox 155 4645 274 4710; x_wconf 90' lang='lat' dir='ltr'><strong>heriles</strong></span> <span class='ocrx_word' id='word_1_412' title='bbox 302 4647 493 4733; x_wconf 85' lang='lat' dir='ltr'><strong>compositis</strong></span> <span class='ocrx_word' id='word_1_413' title='bbox 522 4647 650 4711; x_wconf 89' lang='lat' dir='ltr'><strong>meruit.</strong></span> <span class='ocrx_word' id='word_1_414' title='bbox 695 4645 829 4709; x_wconf 88' lang='lat' dir='ltr'><strong>Praeter</strong></span> <span class='ocrx_word' id='word_1_415' title='bbox 857 4645 914 4707; x_wconf 91' lang='lat' dir='ltr'><strong>hos</strong></span> <span class='ocrx_word' id='word_1_416' title='bbox 943 4665 1099 4726; x_wconf 89' lang='lat' dir='ltr'><strong>canones,</strong></span> <span class='ocrx_word' id='word_1_417' title='bbox 1130 4666 1209 4731; x_wconf 89' lang='lat' dir='ltr'><strong>quos</strong></span> <span class='ocrx_word' id='word_1_418' title='bbox 1238 4645 1279 4708; x_wconf 89' lang='lat' dir='ltr'><strong>ad</strong></span> <span class='ocrx_word' id='word_1_419' title='bbox 1307 4667 1407 4726; x_wconf 83' lang='lat' dir='ltr'><strong>unum</strong></span> <span class='ocrx_word' id='word_1_420' title='bbox 1436 4665 1546 4709; x_wconf 88' lang='lat' dir='ltr'><strong>omnes</strong></span> <span class='ocrx_word' id='word_1_421' title='bbox 1570 4643 1604 4708; x_wconf 91' lang='lat' dir='ltr'><strong>in</strong></span> 
     </span>
     <span class='ocr_line' id='line_1_44' title="bbox 154 4745 1604 4835; baseline -0.001 -23"><span class='ocrx_word' id='word_1_422' title='bbox 154 4748 240 4812; x_wconf 88' lang='lat' dir='ltr'><strong>hanc</strong></span> <span class='ocrx_word' id='word_1_423' title='bbox 262 4747 482 4834; x_wconf 87' lang='lat' dir='ltr'><strong>anthologiam</strong></span> <span class='ocrx_word' id='word_1_424' title='bbox 505 4749 705 4835; x_wconf 89' lang='lat' dir='ltr'><strong>recepimus,</strong></span> <span class='ocrx_word' id='word_1_425' title='bbox 730 4745 883 4829; x_wconf 83' lang='lat' dir='ltr'><strong>Gregorii</strong></span> <span class='ocrx_word' id='word_1_426' title='bbox 903 4745 1061 4830; x_wconf 86' lang='lat' dir='ltr'><strong>theologi,</strong></span> <span class='ocrx_word' id='word_1_427' title='bbox 1085 4767 1180 4832; x_wconf 89' lang='lat' dir='ltr'><strong>quem</strong></span> <span class='ocrx_word' id='word_1_428' title='bbox 1195 4768 1293 4812; x_wconf 77' lang='lat' dir='ltr'><strong>riuum</strong></span> <span class='ocrx_word' id='word_1_429' title='bbox 1309 4747 1450 4811; x_wconf 80' lang='lat' dir='ltr'><strong>rrraxime</strong></span> <span class='ocrx_word' id='word_1_430' title='bbox 1466 4769 1483 4810; x_wconf 91' lang='lat' dir='ltr'><strong>c</strong></span> <span class='ocrx_word' id='word_1_431' title='bbox 1498 4746 1604 4833; x_wconf 88' lang='lat' dir='ltr'><strong>poetis</strong></span> 
     </span>
    </p>
   </div>
   <div class='ocr_carea' id='block_1_3' title="bbox 206 4853 1402 4907">
    <p class='ocr_par' dir='ltr' id='par_1_5' title="bbox 206 4853 1402 4907">
     <span class='ocr_line' id='line_1_45' title="bbox 206 4853 1402 4907; baseline -0.001 0"><span class='ocrx_word' id='word_1_432' title='bbox 206 4868 316 4907; x_wconf 79' lang='grc' dir='ltr'>Οκτττττττκ</span> <span class='ocrx_word' id='word_1_433' title='bbox 331 4875 476 4907; x_wconf 77' lang='grc' dir='ltr'>ατττττκττκττκ.</span> <span class='ocrx_word' id='word_1_434' title='bbox 1384 4853 1402 4906; x_wconf 88' lang='lat' dir='ltr'><strong>(l</strong></span> 
     </span>
    </p>
   </div>
   <div class='ocr_carea' id='block_1_4' title="bbox 0 0 1907 5474">
    <p class='ocr_par' dir='ltr' id='par_1_6' title="bbox 0 0 1907 5474">
     <span class='ocr_line' id='line_1_46' title="bbox 0 0 1907 5474; baseline 0 0"><span class='ocrx_word' id='word_1_435' title='bbox 0 0 1907 5474; x_wconf 95' lang='lat' dir='ltr'><strong> </strong></span> 
     </span>
    </p>
   </div>
  </div>
 </body>
</html>
