3800 5474
255 283 315 339 LIV
835 273 1117 332 Puonauouaun.

256 439 324 495 tum
347 450 420 493 esse
441 427 557 509 video,
586 445 716 512 oporam
739 421 908 510 impendit.
950 421 991 486 In
1012 420 1118 484 lucem
1138 428 1247 484 autem
1270 419 1359 484 edita
1380 427 1456 483 sunt
1477 417 1540 482 duo
1562 419 1710 482 carmina

256 533 484 596 Anacreontca
512 527 712 615 rhythmica,
740 526 880 610 primum
902 544 922 586 a
943 522 1031 587 Maio
1054 521 1142 609 Spie.
1164 521 1258 585 Rom.
1282 532 1305 585 t.
1328 519 1389 584 lx*
1408 518 1559 604 vulgata,
1588 528 1621 583 ot
1642 519 1709 584 duo

256 629 410 696 idiomela
432 630 466 693 in
488 631 642 694 honorem
664 625 823 692 Methodii
846 625 1050 710 patriarchae
1065 624 1246 709 composita
1267 631 1301 687 et
1322 622 1438 686 tamin
1452 620 1590 686 Menace
1610 641 1709 706 quam
1742 655 1745 661 ·

256 735 289 797 in
313 732 395 796 banc
419 728 643 815 anthologiam
664 752 696 816 p.
721 728 762 793 99
784 735 926 812 recepta.

873 965 1099 976 -...—--⁴-

675 1143 678 1150 ³
790 1156 924 1250 aman
946 1190 1183 1248 66666666.

310 1357 386 1440 DE
409 1355 732 1438 GENERIBUS
754 1353 1065 1437 CARMINUM
1091 1350 1600 1436 EOOLESLISTIOORU
1602 1353 1659 1434 M.

266 1565 277 1586 ν
345 1540 450 1625 Saepe
473 1541 538 1604 iam
560 1541 594 1603 in
613 1541 717 1624 primo
732 1537 816 1602 libro
831 1536 945 1619 hirmi,
968 1536 1122 1623 troparii,
1145 1534 1306 1616 contahii,
1329 1533 1402 1600 aliis
1425 1535 1612 1602 nominibus
1634 1559 1713 1602 usus

261 1663 347 1722 sum,
370 1662 507 1726 quorum
531 1640 726 1725 significatio
748 1660 927 1712 vercorne
948 1636 1084 1719 multos,
1114 1637 1170 1723 qui
1198 1635 1302 1701 literis
1324 1636 1511 1723 byzantinis
1532 1638 1713 1725 impensam

261 1763 393 1828 operam
415 1763 479 1806 non
502 1739 737 1826 impenderint,
759 1742 868 1827 fugiat
889 1750 988 1826 atque
1006 1738 1115 1804 lateat.
1152 1737 1278 1804 Horum
1299 1739 1373 1803 usui
1396 1747 1432 1802 ut
1453 1739 1630 1824 consulam,
1653 1740 1715 1806 hoc

260 1844 363 1909 altero
391 1841 475 1908 libro
503 1842 596 1906 varia
623 1842 803 1907 carminum
832 1840 1126 1906 ecclesiasticorum
1152 1861 1273 1926 genera
1299 1861 1476 1927 corumque
1502 1843 1637 1906 nomina
1658 1865 1714 1907 ex-

262 1944 384 2032 plicare
415 1943 496 2008 mihi
528 1944 636 2008 visum
668 1952 736 2027 est,
770 1965 840 2007 rem
873 1941 1042 2006 difficilem
1070 1951 1103 2006 61
1130 1942 1320 2023 obscuram,
1357 1943 1508 2029 quoniam
1540 1942 1716 2010 multorum

262 2047 429 2112 nominum
450 2046 593 2129 genuina
615 2043 812 2129 significatio
833 2042 915 2108 adeo
938 2042 1036 2108 rebus
1059 2044 1191 2108 mutatis
1213 2044 1385 2108 obscurata
1400 2053 1465 2125 est,
1488 2053 1526 2110 ut
1541 2045 1576 2108 in
1589 2047 1716 2132 origine

261 2169 372 2226 corum
406 2145 612 2232 expedienda
645 2146 791 2234 plerique
823 2143 1007 2210 caecutiant
1039 2153 1096 2209 aut
1127 2143 1339 2209 bariolentur.
1385 2145 1480 2210 Licet
1513 2146 1599 2210 enirn
1633 2148 1716 2212 ritus

262 2249 418 2314 ecelesiae
434 2233 576 2334 'graecae
597 2246 851 2338 minoresvices
874 2267 972 2334 quam
993 2247 1114 2310 latinae
1136 2243 1311 2326 subierint,
1334 2255 1443 2310 tamen
1462 2245 1612 2313 nonnihil
1632 2246 1716 2315 labis

261 2349 423 2436 exlongo
445 2371 604 2415 annorum
626 2351 710 2414 serie
731 2357 913 2415 traxerunt.
952 2345 1092 2414 Accedit
1112 2346 1200 2432 quod
1222 2347 1336 2434 primis
1358 2347 1459 2413 medii
1481 2348 1557 2414 aevi
1580 2348 1717 2415 saeculis

261 2454 295 2517 in
318 2449 515 2517 'carminibus
546 2471 722 2537 eorumque
750 2450 901 2536 partibus
931 2447 1181 2513 denominandis
1211 2449 1366 2534 mysticas
1394 2449 1552 2535 quasdam
1576 2452 1717 2517 rationes

261 2556 365 2620 secuti
387 2575 458 2618 esse
480 2552 652 2633 videntur,
676 2573 756 2637 quas
779 2551 891 2632 nobis,
914 2573 934 2614 a
956 2552 1052 2635 nugis
1075 2550 1147 2613 istis
1170 2571 1268 2646 quam
1291 2551 1432 2615 maxime
1455 2551 1717 2638 abhorrentibus,

263 2653 435 2721 enucleare
449 2655 511 2718 vix
525 2655 703 2738 contingat.
735 2651 831 2718 Viam
847 2663 956 2718 autern
972 2653 1006 2716 in
1022 2652 1082 2716 hac
1098 2660 1190 2737 parte
1205 2649 1401 2717 illustranda
1416 2653 1495 2717 mihi
1510 2655 1718 2720 muniverant

263 2757 428 2822 Arcadius
450 2757 485 2821 in
508 2754 599 2820 libris
617 2754 682 2821 VII
705 2753 747 2818 de
768 2749 943 2821 concordia
966 2751 1123 2817 ecclesiae
1145 2751 1356 2818 occidentalis
1372 2763 1405 2819 ct
1419 2754 1598 2837 orientalis,
1615 2755 1718 2822 Paris.

266 2858 358 2939 1626,
374 2857 443 2923 Leo
460 2856 603 2922 Allatius
618 2857 651 2922 in
668 2856 940 2922 commentatione
962 2853 1003 2918 de
1026 2853 1119 2918 libris
1142 2853 1372 2921 ecclesiasticis
1389 2854 1599 2936 Graecorum,
1615 2858 1718 2925 Paris.

266 2959 363 3040 1646,
387 2959 477 3024 Goar
492 2960 526 3022 in
542 2957 745 3043 Euehologio
761 2959 832 3022 sive
847 2955 972 3021 Rituali
988 2955 1202 3037 Graecorum,
1227 2956 1345 3022 Venet.
1364 2957 1462 3041 1730,
1486 2957 1542 3024 Du
1558 2958 1671 3044 Congo
1685 2959 1719 3022 in

263 3059 432 3126 Glossario
453 3059 496 3122 ad
519 3061 695 3146 scriptores
714 3057 843 3124 mediae
864 3067 898 3142 et
918 3057 1049 3150 infimae
1064 3057 1277 3138 Graecitatis,
1300 3057 1524 3144 Lugd.1688;
1546 3057 1719 3126 Philoxeni

264 3181 392 3248 quoque
414 3162 545 3228 Λεξικόν
567 3164 624 3238 τῆ(
646 3162 812 3239 ἑλληνικῆ(
834 3160 1081 3239 ἐκκληειαετικῆε
1103 3165 1264 3238 punctulis,
1293 3161 1385 3225 cuius
1413 3162 1553 3247 primum
1582 3162 1720 3226 fascicu-

263 3260 331 3325 lum
354 3260 441 3344 vidi,
465 3270 502 3326 ut
523 3283 588 3326 non
611 3261 682 3325 sine
704 3260 829 3341 fructu,
853 3261 901 3325 ita
923 3281 996 3324 eum
1020 3281 1145 3324 summa
1167 3261 1317 3325 cautione
1339 3261 1498 3328 consului.
1544 3262 1620 3349 Ipse
1641 3283 1719 3328 vero

263 3364 470 3449 quaestiones
503 3363 716 3448 gravissimas
749 3362 791 3425 de
820 3381 943 3426 666666
970 3362 1105 3448 eiusque
1133 3363 1280 3447 partibus
1308 3363 1466 3448 peculiari
1489 3364 1720 3430 dissertatione

261 3466 322 3549 (cx
343 3464 593 3531 Commentariis
616 3463 815 3529 Academiae
836 3463 1009 3528 bavaricae
1029 3483 1059 3526 a.
1082 3464 1166 3528 1870
1187 3473 1210 3528 t.
1227 3463 1267 3527 11
1288 3465 1463 3551 separatim
1484 3465 1572 3530 edita
1591 3465 1625 3530 in
1648 3487 1720 3531 mse

263 3565 375 3631 libello
396 3566 552 3650 Beitriige
573 3586 631 3630 zur
654 3563 1050 3630 kirehliehen·Literatur
1073 3563 1132 3629 der
1153 3564 1367 3651 Byzantiner)
1391 3565 1549 3631 adhibitis
1572 3567 1720 3632 Zonarac

261 3667 502 3732 commentariis
525 3667 567 3729 de
591 3665 772 3731 canonibus
793 3668 1000 3732 anastasimis
1024 3665 1181 3732 Octoeebi
1201 3666 1382 3750 illustravi,
1411 3667 1453 3731 ad
1482 3689 1578 3752 quem
1600 3667 1721 3735 librum

150 3771 153 3776 “
263 3765 396 3850 delego,
420 3769 449 3832 si
472 3768 545 3855 quis
567 3768 750 3832 accuratius
773 3789 841 3832 rem
863 3789 1062 3854 cognoscere
1084 3776 1116 3832 et
1138 3769 1326 3832 examinare
1348 3768 1438 3834 velit.

349 3869 543 3955 Priusquam
572 3877 680 3933 antem
709 3868 751 3933 ad
779 3871 912 3935 nomina
939 3869 1120 3935 carminum
1149 3868 1346 3957 explicanda
1378 3891 1430 3934 me
1458 3872 1646 3956 accingam,
1680 3871 1721 3938 de

262 3969 380 4035 officiis
408 3970 531 4036 divinis
560 3970 716 4036 ecclesiae
743 3991 895 4056 graecae,
924 3972 1043 4059 quibus
1071 3971 1217 4036 carmina
1246 3970 1488 4054 intexebantur,
1512 3995 1618 4060 pauca
1639 3973 1721 4039 mihi

263 4074 503 4160 praemonenda
518 4061 609 4138 ‘sunt
655 4072 955 4138 Constitutionibus
978 4073 1079 4158 igitur
1101 4073 1306 4160 apostolicis,
1335 4094 1415 4161 quaa
1447 4083 1562 4160 quarto
1591 4074 1722 4140 saeculo

261 4176 462 4262 conscriptas
495 4197 568 4241 esse
600 4183 745 4254 constat,
779 4175 949 4238 christiani
983 4176 1090 4239 sexies
1122 4175 1156 4238 in
1189 4195 1318 4260 quoque
1349 4175 1404 4239 die
1437 4195 1550 4262 preces
1583 4176 1722 4241 fundere

262 4275 430 4342 iubentur:
465 4288 609 4363 tempore
638 4277 816 4358 matutino,
845 4275 926 4340 hora
952 4277 1066 4358 tertia,
1095 4275 1175 4341 hora
1202 4287 1314 4357 sexta,
1342 4277 1423 4342 hora
1450 4297 1551 4361 nona,
1581 4279 1724 4364 vesperi,

262 4378 429 4464 gallicinio
460 4378 552 4465 (vide
575 4378 687 4445 Cenat.
711 4397 764 4463 ap.
788 4375 889 4460 VIII,
912 4379 970 4442 33:
1001 4378 1098 4459 εὐχά(
1120 4379 1292 4446 ἐπιτελεῑτε
1321 4381 1443 4459 ὄρθρου
1465 4380 1517 4444 καὶ
1537 4379 1626 4464 τρίτῃ
1651 4379 1723 4462 ὥρᾳ

264 4483 314 4547 καὶ
335 4482 409 4566 ἕκτῃ
431 4482 481 4546 καὶ
503 4481 620 4566 ἐννάτῃ
643 4481 693 4546 καὶ
715 4480 833 4564 {tuton
856 4480 906 4544 καὶ
927 4479 1220 4567 ἀλεκτοροφωνίᾳ),
1242 4501 1379 4566 quarum
1401 4501 1533 4566 precum
1556 4481 1722 4547 institutio

263 4583 362 4670 paulo
390 4591 464 4669 post
487 4581 533 4644 ita
555 4581 754 4668 amplificata
776 4591 809 4645 et
831 4589 956 4645 mutata
984 4591 1047 4660 est,
1077 4592 1114 4647 ut
1141 4583 1271 4669 vesperi
1299 4581 1502 4650 caeteteros
1524 4580 1725 4648 adiiceretur

267 4693 298 4748 et
320 4705 433 4771 preces
456 4681 614 4770 gallicinii
639 4681 814 4768 ampliatae
848 4684 908 4750 surb
934 4683 1144 4750 666166τοῦ
1167 4687 1391 4765 μεεονυκτικοῦ
1414 4683 1518 4770 primo
1540 4683 1611 4750 loco
1633 4705 1731 4772 pone·
