3800 5474
521 391 623 446 mar.
652 391 699 445 nn
716 391 842 446 ronna
857 391 1085 446 cnnrsrmms
1101 391 1263 447 curans.
1552 393 1613 447 xm
1702 373 1706 380 '

164 537 190 602 εἰ
212 539 248 602 δὲ
269 541 328 603 τοῦ
351 537 462 616 κυρίου
484 537 614 619 Ἰαιεήφ,
645 537 743 604 οὖτοε
771 542 838 604 τῶν
867 543 990 605 λοιπῶν
1019 539 1242 621 προτετίμηται
1269 545 1421 620 ποιητῶν.
1464 539 1615 624 Denique

164 637 214 702 his
251 637 445 703 testimoniis
483 637 658 724 Nicephori
681 638 901 726 Xanthopuli
936 663 1067 722 versus,
1103 639 1222 729 quibus
1259 639 1460 728 celeberrimi
1496 638 1614 706 melodi

161 748 382 822 recensentur,
405 741 554 806 conferre
576 741 683 806 iuvat:

517 861 556 926 Ol
578 861 617 926 τὰ
639 861 717 942 μέλη
739 863 912 931 πλέξαντεε
934 863 1046 945 ὓμνων
1069 864 1211 932 ἐνθέωνι

518 963 537 1041 ἡ
561 962 642 1043 λύρα
663 969 721 1030 τοῦ
743 965 925 1047 πνεύματοε
950 968 1071 1048 Κοεμᾱε
1094 966 1113 1031 ὁ
1136 967 1243 1048 ξένοι,

518 1065 658 1145 Ὀρφεὺτ
680 1068 798 1147 νεαρὸε
819 1069 839 1148 ἡ
861 1069 1069 1148 Δαμαεκόθεν
1094 1069 1208 1152 Χάριε,

516 1168 568 1232 καὶ
590 1169 778 1253 Θεόδωροι,
800 1169 915 1252 Ἰιυεήφ
938 1171 968 1236 ol
991 1171 1156 1236 (τουδῑται

516 1268 640 1350 ὄργανα
662 1272 702 1336 τὰ
723 1271 870 1351 κράτιετα
891 1275 947 1350 τῆε
969 1272 1197 1354 μουεουργίαε,

514 1372 587 1450 ξένη
609 1392 644 1437 τε
667 1372 779 1452 (ειρὴν
801 1373 915 1455 Ἰωεὴφ
937 1374 1164 1456 ὑμνογράφοε,
1272 1441 1282 1460 ,

514 1474 611 1552 μέλοι
634 1474 857 1554 παναρμόνιον
879 1475 1029 1557 Ἀνδρέαε
1051 1477 1192 1556 ἐκρότει(
1198 1523 1207 1558 ,

514 1577 565 1640 καὶ
587 1575 777 1660 θεοφάνηε,
799 1576 818 1656 ἡ
840 1578 973 1657 μελιχρὰ
995 1577 1124 1660 κινύρα,

516 1678 688 1759 Γεώργιοε,
712 1677 802 1744 Λέων
823 1698 878 1761 τε,
900 1679 1049 1760 Μάρκοὲ,
1074 1680 1177 1746 llario.

244 1863 482 1947 Ἀνατόλιοε.
527 1863 568 1928 ln
600 1863 747 1928 Menaeis
774 1874 807 1929 et
835 1863 1000 1930 Octoecho
1033 1864 1106 1952 plus
1141 1874 1269 1931 centum
1303 1867 1449 1930 carmina
1481 1877 1614 1934 exeant

159 1961 306 2028 Anatolii
333 1965 465 2031 nomine
495 1964 668 2051 inscripta3
701 1967 810 2031 omnia
837 1987 910 2030 cum
937 1967 1098 2031 minorum
1124 1957 1302 2032 carminum
1325 1970 1437 2052 generi
1459 1969 1612 2034 adnume-

159 2065 262 2130 randa
284 2066 365 2147 sint,
396 2067 545 2152 plurimis
571 2066 720 2152 singulae
746 2076 873 2132 tantum
901 2068 1054 2155 strophae
1082 2079 1174 2153 sunt3
1205 2070 1262 2155 qui
1288 2068 1439 2155 pluribus
1468 2072 1611 2158 strophis

158 2176 325 2249 constant,
355 2190 420 2232 non
447 2168 564 2234 iisdem
592 2169 625 2232 in
647 2167 798 2234 omnibus
827 2168 968 2257 strophis
997 2172 1141 2236 numeris
1164 2171 1333 2256 modisque
1355 2179 1501 2236 utuntur.
1545 2171 1612 2238 Sed

158 2269 214 2354 qni
243 2269 415 2334 Anatolins
450 2267 506 2336 ille
538 2269 653 2362 fuerit,
687 2280 720 2336 et
746 2292 811 2357 qua
843 2279 952 2336 aetate
984 2271 1146 2356 floruerit,
1180 2294 1287 2359 neque
1319 2273 1401 2338 certi
1434 2269 1610 2359 quidquam

158 2371 334 2436 memoriae
357 2370 521 2458 proditum
544 2372 655 2436 inveni
677 2393 783 2458 neque
804 2370 846 2436 ab
868 2371 942 2436 aliis
965 2371 1139 2457 diligenter
1168 2376 1351 2460 quaesitum
1371 2374 1459 2438 novi.
1498 2373 1610 2454 Quid?

159 2471 246 2558 quod
268 2471 476 2553 Anatolium,
499 2481 536 2538 ut
556 2472 692 2538 alterurn
715 2472 898 2560 Orpheum,
921 2473 1046 2539 nullum
1069 2473 1171 2540 fuisse
1186 2474 1261 2540 indo
1275 2497 1341 2541 non
1362 2477 1472 2562 inepte
1491 2475 1611 2562 aliquis

157 2571 307 2658 colligat,
331 2573 419 2661 quod
439 2572 527 2639 haud
542 2595 615 2639 raro
630 2576 664 2639 in
680 2574 772 2640 libris
787 2575 844 2640 illa
866 2577 1009 2640 carmina
1031 2579 1159 2658 ετιχηρά
1181 2577 1356 2644 ἀνατολικὰ
1377 2577 1610 2642 inscribuntur.

158 2674 243 2740 Onrn
266 2675 351 2740 enim
373 2677 502 2756 ττιχηρὰ
522 2675 588 2741 alia
610 2675 819 2758 ἀναετάειμα,
842 2675 907 2741 alia
928 2682 1152 2764 κατανυκτιιιὰ,
1175 2662 1446 2764 αΙία’νεκρώειμα,
1468 2676 1534 2744 alia
1547 2678 1610 2745 alio

159 2777 289 2842 nominc
312 2759 530 2842 ex’'carminis
553 2777 711 2864 cuiusque
726 2788 917 2864 argumento
932 2778 1030 2845 ducto
1047 2780 1208 2862 dicantur,
1230 2779 1323 2846 illum
1338 2803 1465 2869 quoquc
1480 2778 1612 2846 titulum

157 2879 200 2944 ab
223 2887 430 2964 argumento,
454 2901 519 2944 non
541 2878 584 2944 ab
606 2879 735 2944 homino
756 2880 972 2947 derivandum
994 2902 1065 2946 esse
1088 2883 1274 2968 suspiceris.
1318 2881 1384 2948 Sed
1406 2883 1548 2947 animum
1570 2879 1613 2946 ad

159 2980 243 3044 hanc
265 2980 458 3046 sententiam
481 3001 619 3066 pronum
641 2990 674 3046 et
695 3003 814 3046 nomen
835 2984 1023 3049 Ἀνατολίοιι
1051 2981 1124 3048 aliis
1153 2981 1233 3048 locis
1262 2982 1412 3048 inlibris
1434 2983 1531 3070 plene
1554 3006 1611 3049 ex·

156 3090 285 3146 aratum
306 3089 339 3145 ot
361 3103 412 3145 rea
435 3082 469 3145 in
491 3081 556 3146 illis
579 3083 777 3150 carminibus
800 3085 969 3171 expositae
991 3094 1158 3178 revocant.
1196 3083 1251 3150 Ad
1267 3084 1483 3150 remotissima
1503 3094 1612 3150 autern

157 3191 306 3268 tempora
322 3183 535 3269 inscriptione
551 3184 740 3252 Ἀνατολίοιι
753 3187 950 3267 πατριάρχου
967 3187 1001 3253 in
1013 3185 1168 3251 Octoechi
1185 3186 1329 3252 editione
1341 3185 1469 3252 Veneta
1482 3208 1512 3250 a.
1531 3185 1613 3250 1869

157 3283 257 3348 obvia
279 3283 448 3367 ducimur3
475 3282 650 3350 Anatolius
678 3285 764 3350 enim
787 3287 974 3374 patriarcha
996 3289 1109 3374 quinto
1132 3288 1261 3352 saeculo
1284 3288 1395 3354 floruit
1415 3298 1449 3353 et
1470 3285 1611 3353 concilio

157 3383 537 3471 Constantinopolitano,
560 3409 624 3473 quo
647 3386 807 3472 Eutychis
830 3410 955 3454 emoneo
978 3410 1063 3453 anno
1085 3389 1149 3454 450
1171 3388 1316 3454 damnati
1338 3399 1431 3470 sunt,
1458 3387 1611 3475 praefuit.

156 3487 207 3551 At
233 3485 437 3573 patriarchae
465 3507 646 3573 cognomen
667 3509 727 3554 nos
749 3490 881 3575 quidem
903 3492 937 3554 in
952 3489 1041 3554 nullo
1064 3487 1229 3570 codicum,
1253 3490 1331 3554 licet
1353 3491 1432 3554 satis
1455 3509 1611 3573 magnum

155 3608 328 3654 numerum
351 3588 606 3673 inspexerimus,
630 3589 830 3676 adscriptum
852 3591 1055 3673 invenimus,
1078 3612 1139 3655 nec
1153 3589 1253 3656 ullam
1269 3591 1299 3654 ei
1314 3589 1412 3656 iidem
1426 3588 1611 3656 habendam

157 3711 231 3754 csse
258 3681 451 3774 argumenta
476 3691 659 3755 certissima
681 3692 845 3758 evincunt.
890 3692 1042 3758 Carmine
1064 3693 1160 3775 enirn,
1183 3690 1270 3779 quod
1292 3692 1344 3758 24.
1369 3691 1486 3758 Octob.
1509 3689 1610 3778 vulgo

157 3797 320 3873 cantatur,
335 3789 508 3858 Anatolius
523 3793 667 3858 Arathae
681 3796 851 3880 martyris,
868 3816 964 3882 quem
978 3794 1163 3860 Iustiniano
1178 3795 1373 3881 imperatore
1386 3795 1422 3859 in
1437 3792 1614 3880 Aethiopia

157 3901 296 3958 mortem
310 3915 369 3981 pro
385 3915 444 3959 sua
458 3894 564 3981 patria
578 3896 770 3964 occubuisse
782 3895 968 3982 Synaxaria
981 3907 1124 3978 narrant,
1141 3894 1265 3980 etalio,
1280 3895 1369 3982 quod
1387 3895 1435 3962 12.
1452 3894 1613 3962 Novemb.

158 4004 322 4075 cantatur,
336 3995 469 4061 Ioannis
484 3994 686 4080 Eleemonis,
709 3998 765 4082 qui
787 3999 927 4085 septimo
941 3997 1071 4064 sacculo
1093 3999 1227 4064 incunte
1246 3996 1467 4063 Alexandriae
1488 3997 1612 4063 archio-

157 4097 315 4184 piscopus
336 4097 444 4162 factus
467 4108 530 4176 est,
554 4097 667 4164 laudes
691 4098 870 4185 praedicat.
907 4098 961 4164 Ex
982 4099 1086 4166 altera
1107 4110 1199 4188 parte
1215 4099 1405 4164 Anatolium
1427 4108 1503 4187 post
1525 4109 1612 4165 octa-

158 4220 239 4263 vum
262 4197 427 4264 maculam
449 4197 599 4265 floruisse
620 4201 691 4266 veri
713 4199 871 4266 dissimile
894 4212 953 4267 est.
998 4203 1146 4289 Namque
1174 4223 1247 4266 curn
1275 4203 1310 4266 in
1333 4199 1488 4267 Octoechi
1516 4198 1612 4265 libris

158 4299 224 4365 duo
246 4300 403 4386 cuiusque
420 4301 487 4367 toni
501 4301 610 4385 (ἤχου)
633 4306 763 4384 ττιχηρὰ
784 4304 977 4385 ἀναττάειμα
999 4304 1159 4386 ferantur,
1175 4301 1338 4384 Anatolii,
1361 4323 1445 4388 quae
1467 4300 1611 4366 secundo

158 4401 230 4476 loco
251 4399 411 4467 collocata
432 4413 524 4487 sunt,
547 4402 702 4471 librarius
725 4404 848 4470 codicis
870 4405 1077 4472 Monacensis
1093 4403 1125 4468 D
1149 4402 1355 4492 aptioribus
1378 4404 1424 4468 ite
1446 4400 1612 4485 distinxit,

158 4513 196 4570 ut
217 4503 283 4569 ἀπὸ
306 4509 372 4572 τῶν
393 4507 541 4574 παλαιῶν
564 4527 604 4570 ea
624 4506 831 4572 inscriberet.
876 4505 945 4570 lam
967 4507 1077 4593 priora
1100 4504 1142 4570 ab
1164 4505 1288 4570 Ioanne
1310 4505 1532 4584 Damasceno,
1556 4504 1613 4590 qui

158 4606 303 4671 omnium
319 4606 476 4674 Octoechi
491 4607 688 4691 carminum,
712 4629 796 4695 quae
817 4607 890 4674 aliis
913 4631 978 4674 non
993 4605 1185 4673 nominatim
1199 4606 1399 4692 tribuuntur,
1413 4616 1527 4673 auctor
1541 4627 1613 4670 case

159 4707 326 4796 probatur,
355 4710 533 4795 composita
561 4731 633 4776 esse
660 4710 730 4774 veri
754 4709 860 4775 simile
883 4719 942 4774 est.
986 4710 1076 4795 Ergo
1098 4719 1174 4774 ante
1195 4707 1352 4774 Ioannem
1374 4709 1613 4774 Damascenum

156 4808 213 4876 vel
240 4818 317 4876 ante
348 4808 493 4877 medium
525 4809 692 4878 aemulum
718 4818 871 4879 octavum
899 4809 1089 4878 Anatolium
1117 4811 1242 4878 vixisse
1274 4811 1390 4878 merito
1418 4808 1614 4877 concludere
