3886 5480
576 415 644 470 blB.
659 414 705 471 lV.
728 416 776 469 DE
792 415 887 470 ARTE
903 415 1038 471 MUSICA
1054 415 1272 472 BYZAN'l'lNA.
1561 417 1648 474 oxltl

200 579 304 643 usque
315 557 357 622 ad
368 557 454 623 hunc
466 559 551 623 diem
566 561 653 647 apud
669 562 815 626 Graecos
830 564 1014 626 institutum
1031 577 1091 644 est,
1102 573 1139 626 ut
1150 565 1259 627 omnia
1272 567 1417 628 carmina
1429 565 1650 631 ecclesiastica

200 683 220 724 a
241 659 370 725 duobus
394 659 500 725 choris
524 683 582 748 per
609 665 698 727 vicos
721 672 909 746 cantentur3
943 663 1059 750 quodsi
1094 685 1221 728 carmen
1256 687 1321 729 una
1353 667 1488 752 stropha
1510 677 1647 750 constat,

200 761 313 826 eadem
336 761 470 848 stropha
492 764 632 850 primum
654 787 674 828 a
689 765 823 846 dextro,
847 763 967 829 deinde
989 789 1009 830 a
1031 767 1164 830 sinistro
1180 765 1277 831 choro
1292 776 1455 832 cantatur.
1500 767 1648 855 Uterque

200 871 308 927 autem
336 863 454 928 choma
489 886 531 928 ex
560 887 625 931 uno
653 877 863 952 praecentore
896 877 928 931 et
956 876 1096 954 quatuor
1124 867 1177 932 vel
1204 869 1348 956 quinque
1369 870 1647 956 pueris·coustat;

200 963 309 1028 dextri
330 963 421 1030 chori
448 977 640 1051 praecentor
666 971 922 1049 πρωτοψάλτητ,
950 971 1073 1033 sinistri
1101 971 1322 1050 λαμπαδάριο(
1349 971 1487 1058 dicitur;
1516 973 1648 1059 utrique

201 1067 234 1130 in
263 1066 443 1131 maioribus
471 1067 618 1160 ecclesiis
652 1068 775 1154 singuli
804 1071 1023 1156 apparitores,
1058 1071 1114 1156 qui
1147 1074 1325 1151 δομεττικολ
1352 1072 1509 1154 audiunt,
1543 1073 1647 1138 additi

200 1178 287 1232 sunt.
332 1167 384 1234 Ita
406 1177 516 1234 autem
538 1169 625 1234 inter
647 1182 889 1257 praecentorem
912 1181 945 1236 et
967 1193 1083 1258 pueros
1107 1182 1222 1237 cantus
1239 1175 1380 1258 partitus
1404 1185 1470 1256 est,
1493 1185 1545 1255 ut,
1569 1174 1648 1239 dum

199 1278 390 1356 praecentor
411 1291 525 1337 vocem
547 1271 714 1337 modulate
736 1272 852 1351 flectit,
876 1276 970 1360 pueri
992 1295 1106 1338 sonum
1135 1273 1345 1362 principalem
1369 1297 1473 1363 usque
1494 1278 1647 1359 retinent,

200 1373 256 1457 qui
278 1393 353 1435 cum
375 1373 446 1439 icor
475 1382 625 1456 vocetur,
654 1375 718 1460 ipsi
751 1374 992 1455 ἰτοκρατοῦντετ
1014 1375 1161 1439 audiunt.
1205 1375 1279 1440 Hac
1306 1377 1346 1441 de
1374 1399 1473 1442 cauea
1495 1380 1647 1444 omnibus

199 1472 348 1538 melodiis
377 1474 411 1538 in
438 1473 531 1542 libris
563 1475 821 1541 modulationum
847 1485 925 1542 nota
958 1477 1029 1542 soni
1062 1475 1151 1542 illius
1182 1477 1372 1563 principalis
1407 1478 1552 1565 praelixa
1583 1491 1643 1563 est,

199 1573 360 1662 multique
382 1586 459 1642 suut
480 1578 655 1663 scriptores
677 1579 797 1644 artium
818 1579 852 1644 in
875 1580 909 1642 vi
932 1589 965 1642 et
985 1580 1116 1643 notione
1137 1577 1224 1644 illius
1246 1580 1317 1646 lcou
1341 1580 1535 1646 delinienda.
1564 1581 1646 1647 Can·

198 1686 286 1743 tores
308 1687 417 1742 autem
440 1679 620 1764 antiquitus
642 1680 676 1742 in
699 1680 828 1744 excelso
851 1678 921 1744 loco
945 1678 1096 1744 collocati
1111 1690 1220 1762 erant,
1243 1682 1299 1767 qui
1321 1682 1431 1762 ᾶμβιυν
1453 1682 1495 1746 ab
1511 1685 1646 1771 scripto·

201 1778 291 1845 ribus
325 1789 473 1846 vocatur.
518 1780 600 1845 Eius
633 1782 698 1845 iam
730 1782 764 1844 in
798 1780 926 1846 concilii
957 1781 1171 1847 Laodicensis
1205 1805 1276 1847 can.
1305 1783 1407 1847 XVII
1439 1786 1560 1850 mentio
1593 1784 1645 1849 fit:
1672 1781 1680 1798 '

166 1935 171 1944 .
200 1881 282 1960 Περὶ
303 1886 362 1947 τοῦ
384 1885 424 1962 μὴ
448 1887 517 1949 δεῖν
539 1885 624 1962 πλὴν
646 1891 712 1949 τῶν
735 1892 915 1951 κανονικῶν
939 1889 1075 1964 ψαλτῶν
1098 1889 1166 1950 τῶν
1194 1886 1247 1950 ἐπὶ
1273 1887 1332 1951 τὸν
1355 1885 1489 1968 ἅμβωνα
1517 1887 1646 1968 ἀναβαι-
1737 1876 1740 1882 ’

201 1983 330 2050 νόντων
352 1985 402 2048 καλ
424 1985 490 2050 ἀπὸ
513 1985 668 2065 διφθέραι
689 1985 886 2065 ψαλλόντων
914 1987 1045 2067 ἐτέρου(
1071 1989 1161 2052 τινὰ(
1190 1987 1327 2066 ψάλλειν
1355 1987 1390 2053 ἐν
1417 1995 1456 2073 τῇ
1485 1990 1646 2074 ἐκκλητίᾳ,

201 2084 312 2150 confer
333 2083 553 2171 Sophronium
576 2083 667 2152 Com.
691 2084 740 2150 lit.
763 2087 851 2172 apud
873 2087 951 2152 Maii
968 2087 1055 2174 Spic.
1071 2086 1164 2153 Rom.
1188 2087 1246 2166 lv,
1269 2112 1302 2176 p.
1323 2089 1381 2152 42:
1416 2089 1490 2156 Εἶτα
1513 2092 1544 2158 οἱ
1565 2095 1647 2171 ψάλ-

202 2209 253 2253 ται
274 2187 468 2268 ἀνέρχονται
490 2189 527 2254 ἐν
549 2196 594 2274 τῷ
617 2187 757 2271 ἄμβωνι,
791 2191 952 2268 ψάλλουτι
974 2193 1010 2256 δὲ
1031 2191 1084 2256 ‘rb
1107 2195 1199 2256 δεῦτε
1226 2191 1480 2270 ἀγαλλιατόμεθα
1510 2201 1558 2278 τῷ
1594 2215 1646 2259 κυ-

201 2289 290 2373 piqr’·
312 2292 420 2372 τούτῳ
443 2294 648 2371 τυμφιυνοῦτι
670 2292 721 2355 καλ
744 2291 775 2355 οἱ
797 2292 896 2369 κάτω,
919 2294 1098 2358 δεικνύντες
1120 2295 1179 2371 τὴν
1203 2294 1389 2374 τυμφωνίαν
1411 2300 1476 2360 τῶν
1498 2294 1647 2373 ἀγγέλων

198 2393 250 2458 καλ
264 2393 462 2470 ἀνθρώπων·
491 2390 694 2477 eundemque
717 2404 832 2479 quarto
855 2392 982 2458 decimo
1004 2393 1133 2458 saeculo
1156 2395 1189 2458 in
1212 2391 1284 2458 cod.
1309 2393 1406 2459 Vind.
1428 2394 1506 2482 phil.
1528 2419 1559 2460 n.
1586 2397 1648 2461 194

198 2491 342 2558 f01.489
375 2493 579 2574 ‘dvtpxovrur
606 2495 642 2558 δὲ
670 2493 701 2559 οἱ
730 2494 849 2574 ψάλται
877 2495 930 2560 ἐπὶ
957 2495 1107 2576 durusne
1136 2499 1188 2562 καλ
1216 2497 1373 2576 ψάλλουτι
1396 2499 1436 2562 τὰ
1458 2499 1647 2565 ἀπολυτίκια

197 2599 254 2674 τῆ(
274 2595 406 2676 ἡμέρατ’
429 2603 716 2660 commemoratum
740 2596 864 2659 inveni.
907 2595 1001 2661 Nunc
1024 2596 1110 2662 hunc
1126 2619 1247 2661 morem
1269 2596 1434 2663 aboluisse
1448 2601 1645 2686 accepimus.

283 2695 433 2762 Alterum
461 2697 589 2780 signum
617 2697 738 2762 veteris
767 2697 905 2762 canendi
932 2698 1032 2761 moris
1054 2698 1088 2762 in
1111 2698 1256 2764 ecclesiis
1289 2701 1417 2785 graecis
1440 2701 1563 2765 servati
1584 2702 1646 2766 hoc

198 2806 263 2878 est,
287 2799 375 2884 quod
397 2800 505 2863 omnia
527 2799 673 2863 carmina
694 2819 770 2863 assa
791 2819 873 2864 voce
895 2808 1026 2864 canunt.
1071 2801 1180 2886 Atque
1203 2800 1263 2865 hac
1287 2802 1418 2886 quidem
1440 2803 1474 2865 in
1496 2824 1531 2866 re
1554 2802 1646 2868 Obri-

198 2901 294 2966 stiani
307 2921 326 2964 a
338 2921 426 2965 more
435 2898 642 2982 Iudaeorum,
659 2922 741 2987 quos
764 2902 988 2966 instrumentis
1004 2902 1136 2965 musicis
1159 2923 1235 2966 usos
1251 2923 1324 2967 esse
1338 2904 1424 2967 inter
1437 2925 1548 2970 omnes
1571 2927 1645 2969 con-

199 3011 278 3084 stat,
301 3003 521 3068 desciverunt.
565 3001 649 3066 Nam
665 3013 775 3089 patres
798 3001 956 3067 ecclesiae
978 3023 1041 3089 quo
1069 3004 1174 3088 magis
1198 3005 1322 3070 animos
1345 3003 1512 3070 hominum
1535 3005 1645 3071 verbis

198 3113 296 3191 atque
311 3104 481 3169 sententiis
497 3104 677 3168 carminum
691 3103 916 3188 adverterent,
940 3103 1053 3168 fidium
1076 3105 1294 3192 tibiarumque
1316 3116 1447 3170 cantum
1470 3128 1646 3195 omnesque

197 3207 326 3270 aurium
348 3204 480 3270 delicias
502 3203 717 3272 removendas
741 3215 949 3270 curaverunt.
994 3205 1076 3270 Cum
1099 3207 1161 3273 hoc
1186 3229 1276 3272 more
1304 3230 1380 3272 assa
1402 3229 1483 3273 voce
1506 3210 1645 3274 canendi

197 3309 365 3386 convenit,
390 3308 477 3394 quod
498 3305 590 3393 lyrae
612 3317 646 3373 et
668 3307 836 3388 tibiarum,
859 3307 978 3372 totiens
1001 3329 1021 3371 a
1043 3307 1218 3396 Sapphone
1240 3308 1383 3374 Pindaro
1396 3310 1537 3374 Horatio
1559 3331 1644 3375 com·

198 3419 463 3492 memoratarum,
486 3410 519 3473 in
542 3408 742 3473 carminibus
768 3405 957 3495 byzantinis
979 3409 1048 3474 fere
1072 3433 1233 3495 nusquam
1248 3411 1370 3475 mentio
1392 3411 1443 3492 fir3
1467 3433 1544 3475 nam
1559 3411 1644 3498 quod

197 3535 229 3598 p.
253 3511 458 3577 6510annes
488 3509 653 3598 apostolus
682 3511 889 3597 praedicatur
916 3512 1003 3596 ’ᾄδει
1029 3518 1196 3593 τερπνῶς,
1224 3514 1265 3577 τὰ
1287 3515 1344 3591 μὲν
1366 3512 1456 3592 χείλη
1479 3519 1577 3578 κινῶν
1600 3513 1645 3578 ὡ(

197 3615 329 3693 νευρὰς,
355 3612 463 3693 ὥςπερ
486 3617 521 3678 δὲ
543 3616 706 3694 πλῆκτρον
729 3616 788 3692 τὴν
804 3615 951 3690 γλῶτταν
967 3613 1146 3680 ἀνακινῶν’
1170 3634 1236 3677 non
1257 3614 1305 3677 ita
1319 3614 1530 3697 interpretari
1553 3611 1640 3694 licet,

196 3715 336 3780 utillud
360 3737 490 3779 carmen
512 3714 554 3779 ad
577 3714 681 3800 lyram
704 3724 871 3779 cantatum
886 3733 958 3779 esse
971 3712 1158 3779 concludas.
1202 3712 1243 3777 In
1265 3713 1377 3778 latinis
1393 3735 1521 3800 quoque
1543 3713 1643 3779 eccle·

197 3817 256 3881 siis
278 3818 568 3881 instrumentorum
590 3837 684 3879 usum
709 3839 780 3880 sero
803 3815 1006 3880 increbuisse
1033 3825 1183 3898 narrant,
1214 3837 1278 3903 quo
1300 3816 1406 3901 magis
1430 3825 1543 3882 notatu
1573 3816 1643 3900 dig-

196 3939 274 3982 num
303 3927 370 4003 est,
404 3917 488 4004 quod
516 3916 695 3981 Monachus
726 3915 948 4002 Sangallensis
977 3918 1011 3981 in
1040 3916 1216 3983 Gestorum
1244 3916 1360 3982 Karoli
1387 3915 1471 3983 libro
1500 3916 1643 3982 secundo

197 4019 354 4106 (Monam.
380 4017 490 4084 Germ.
512 4019 589 4083 hist.
613 4019 658 4099 11,
682 4019 758 4104 751)
781 4017 963 4084 Germanos
986 4041 1006 4084 a
1027 4019 1143 4104 legatis
1167 4021 1294 4104 graems
1322 4019 1455 4102 organis
1483 4020 1531 4082 uti
1560 4017 1644 4083 didi·

194 4122 280 4187 cisse
301 4120 419 4186 refert:
444 4121 539 4186 ‘Cum
550 4121 652 4206 igitur
664 4119 785 4185 Graeci
797 4129 871 4207 post
886 4123 1063 4186 matutinas
1077 4119 1190 4185 laudes
1207 4121 1393 4206 imperatori
1405 4119 1586 4184 celebratas
1609 4121 1643 4184 in

195 4232 312 4288 octava
333 4219 388 4285 die
410 4220 642 4308 Theophauiae
665 4231 789 4286 secreto
816 4224 850 4286 iu
879 4243 939 4286 sua
965 4220 1080 4307 lingua
1107 4222 1169 4287 deo
1197 4219 1375 4308 psallerent
1401 4230 1434 4285 et
1454 4221 1510 4285 ille
1533 4219 1641 4287 occul-

194 4335 282 4390 tatus
313 4327 348 4388 in
371 4324 519 4409 proximo
549 4325 726 4388 carminum
756 4321 928 4388 dulcedine
956 4321 1190 4405 delectaretur,
1218 4323 1386 4408 praecepit
1408 4320 1536 4386 clericis
1560 4323 1639 4402 auis,

194 4435 232 4491 ut
253 4423 335 4491 nihil
356 4435 432 4490 ante
454 4434 640 4510 gustarent,
669 4447 766 4511 quam
789 4423 920 4489 easdem
942 4425 1136 4511 antiphonas
1164 4425 1198 4487 in
1220 4423 1357 4487 latinum
1380 4443 1555 4488 conversas
1577 4423 1643 4510 ipsi

194 4535 483 4616 praesentarent...
526 4526 748 4592 Adduxerunt
778 4528 877 4592 etiam
905 4526 1004 4592 iidem
1032 4527 1124 4590 missi
1147 4546 1241 4589 omne
1262 4545 1366 4610 genus
1389 4545 1586 4609 organorum
1609 4533 1643 4590 et

194 4631 360 4695 variarum
382 4651 492 4694 rerum
514 4650 640 4712 secum3
663 4651 747 4716 quae
769 4639 887 4694 cuncta
908 4627 1152 4694 accuratissime
1175 4637 1253 4691 sunt
1275 4626 1308 4690 in
1330 4647 1411 4712 opus
1428 4645 1589 4692 conversa
1610 4635 1644 4694 et

193 4733 369 4818 praecipue
391 4729 473 4794 illud
496 4731 694 4796 musicorum
723 4753 881 4816 organum
909 4729 1243 4817 praestantissimum,
1272 4726 1360 4814 quod
1382 4725 1480 4793 doliis
1503 4749 1545 4792 ex
1567 4749 1643 4793 aere

194 4832 344 4899 conflatis
368 4831 569 4918 follibusque
597 4833 736 4898 taurinis
764 4855 822 4920 per
835 4829 976 4920 ‘fistulas
1005 4852 1116 4896 aereas
1143 4830 1225 4894 mire
1252 4829 1469 4916 perflantibus
1498 4830 1643 4915 rugitum

245 4953 353 4994 caunum
368 4960 514 4993 carrarum.
1421 4939 1440 4991 h
