3800 5474
727 1630 860 1702 uraca
881 1631 1056 1687 ramus.

422 1795 497 1876 DE
520 1793 714 1876 Pouuls
736 1791 1095 1876 oflalsrlouls
1117 1791 1368 1876 GRAECIS.

257 1979 429 2043 Poetarum
458 2001 575 2062 agmen
602 1978 636 2042 iu
664 1977 724 2042 hac
746 1978 934 2062 anthologia
956 1978 1133 2043 carminum
1156 1978 1406 2067 christianorum
1429 1998 1619 2062 graccorum

170 2081 262 2146 ducit
290 2077 487 2166 Synesius
516 2078 774 2166 Cyrenaicus.
829 2081 914 2144 Huic
944 2079 1083 2166 primum
1116 2080 1223 2145 locum
1253 2091 1424 2165 propterea
1451 2079 1619 2163 assignan-

171 2182 250 2246 tlum
280 2180 454 2260 duximus,
483 2180 570 2266 quod
598 2181 669 2266 ipse
696 2181 730 2245 in
758 2181 894 2246 exordio
916 2180 1030 2267 hymni
1053 2181 1184 2266 septimi
1207 2180 1346 2267 primum
1369 2203 1404 2246 se
1426 2179 1620 2246 cantilenam

170 2283 245 2347 Iesu
263 2282 474 2369 Solymitano,
497 2281 757 2366 praeclarissimo
774 2282 912 2366 virginis
934 2281 1017 2366 filie,
1041 2286 1195 2368 punxisse
1210 2283 1376 2367 gloriatur.
1414 2282 1620 2368 Quamquam

170 2405 295 2463 vereor,
311 2393 347 2448 ut
362 2384 473 2448 verius
496 2381 558 2450 hoc
572 2393 664 2460 vates
679 2384 878 2471 Cyrenaicus
894 2383 1032 2467 dixerit,
1055 2406 1151 2470 quam
1173 2394 1270 2471 poeta
1281 2384 1465 2449 Venusinus
1480 2384 1621 2470 primum

171 2507 206 2550 se
222 2483 372 2551 Aeolium
396 2505 523 2550 carmen
546 2485 588 2550 ad
611 2484 713 2549 Italos
736 2485 849 2550 modos
872 2483 1049 2550 deduxisse
1069 2484 1215 2551 iactavit.
1252 2485 1400 2572 Namque
1422 2493 1498 2550 ante
1520 2485 1621 2570 Syne-

170 2589 254 2653 sium
276 2587 342 2650 iarn
365 2587 461 2652 tertio
484 2596 558 2672 pest
573 2585 738 2652 Christum
754 2597 865 2652 natum
882 2585 1013 2652 saeculo
1027 2589 1113 2652 inter
1128 2586 1267 2673 Ophitas
1282 2585 1621 2652 NaassenosVolcnti-

170 2691 285 2754 nianos
297 2682 482 2753 haereticos
491 2688 656 2752 exstitisse
667 2688 867 2773 constat,qui
876 2687 1026 2753 versibus
1038 2687 1246 2755 christianam
1250 2711 1361 2776 ,quarn
1375 2687 1623 2776 profitebantur,

171 2791 354 2856 doctrinam
378 2789 582 2874 explicarent
604 2789 661 2872 (cf.
678 2787 771 2884 Pitra
788 2787 1060 2876 Hymnographie
1082 2791 1123 2855 de
1145 2790 1268 2875 l'eglise
1290 2811 1432 2877 grecque
1453 2813 1485 2877 p.
1501 2789 1544 2852 40
1558 2793 1621 2876 sq.)

170 2903 203 2957 ct
225 2901 342 2978 quarto
365 2890 495 2956 saeculo
519 2890 624 2955 medio
648 2891 828 2976 Gregorius
856 2889 1026 2975 theologus
1049 2892 1253 2976 gravissimis
1275 2891 1475 2957 carminibus
1497 2913 1621 2956 mamm

171 2994 379 3058 severitatem
394 2992 604 3056 christianam
620 2991 916 3057 commendaverat.
947 2992 1070 3057 Verum
1086 2992 1320 3058 haereticorum
1336 2991 1486 3080 hymnos,
1501 2992 1622 3080 quippe

170 3117 253 3182 quos
269 3094 406 3160 ecclesia
421 3091 621 3160 orthodoxos
644 3092 846 3175 damnasset,
870 3094 1029 3180 Synesius
1044 3116 1085 3158 ne
1100 3114 1289 3162 numerasse
1303 3095 1433 3182 quidem
1457 3093 1621 3182 probatur,

170 3207 204 3261 ct
231 3195 384 3280 Gregorii
413 3195 591 3259 carminum
619 3196 735 3260 notitia
763 3217 780 3260 e
808 3197 941 3261 remotis
970 3195 1199 3283 Cappadociae
1234 3195 1423 3282 regionibus
1456 3217 1559 3282 usque
1588 3197 1620 3259 in

170 3298 364 3363 Africanum
386 3317 501 3380 agrum
523 3295 579 3360 illo
601 3301 747 3384 tempore
768 3297 913 3363 nondum
936 3308 1126 3385 penetrasse
1147 3297 1289 3363 videtur.
1332 3298 1447 3386 Neque
1469 3298 1554 3362 enim
1577 3299 1622 3360 ita

170 3409 297 3486 poetam
314 3397 532 3485 Cyrenaicum
556 3400 755 3480 excusarim,
778 3409 830 3480 ut,
854 3397 942 3486 quod
956 3400 1139 3465 cantilenae
1154 3399 1269 3465 modos
1285 3401 1414 3481 (νόμον)
1430 3421 1465 3462 sc
1481 3400 1621 3484 primum

168 3502 205 3566 in
220 3501 342 3566 Christi
357 3500 511 3565 honorem
528 3500 685 3585 punxisse
707 3500 807 3581 dixit,
831 3502 1025 3565 vetustiores
1048 3501 1199 3587 hymnos,
1222 3501 1320 3586 siqui
1336 3509 1497 3580 extarent,
1513 3508 1622 3562 tamen

169 3601 213 3667 ad
236 3599 417 3667 canendum
440 3595 554 3686 parum
576 3601 837 3667 accommodatos
859 3623 932 3666 eum
954 3600 1156 3686 significasse
1178 3600 1296 3665 dicam.

255 3702 423 3787 integrum
445 3723 523 3768 vero
551 3701 671 3767 librum
694 3702 804 3767 decem
834 3702 1028 3789 hymnorum
1050 3701 1136 3789 quod
1159 3703 1192 3768 in
1214 3702 1302 3767 hunc
1324 3701 1485 3770 delectum
1508 3702 1622 3766 carmi-

168 3826 248 3869 num
275 3803 525 3871 ehristianorum
553 3805 750 3889 recepimus,
785 3807 900 3869 merite
932 3804 1170 3890 reprehendere
1202 3805 1325 3893 possis,
1359 3801 1622 3891 quandoquidem

170 3906 317 3994 plerique
338 3925 403 3970 non
425 3905 622 3970 christianae
644 3905 722 3971 fidei
744 3905 1001 3993 simplicitatem,
1030 3907 1088 3972 sed
1110 3907 1236 3972 tumida
1257 3905 1524 3993 philosophorum
1546 3927 1621 3970 neo-

169 4007 407 4095 platonicorum
430 4006 470 4070 de
485 4007 582 4071 rebus
598 4006 721 4072 divinis
738 4009 863 4072 somnia
878 4015 1053 4095 exponunt
1084 4006 1199 4087 Quid?
1222 4007 1309 4094 quod
1332 4007 1474 4094 quinque
1496 4017 1622 4072 tantum

168 4109 324 4194 hymnos,
348 4109 497 4194 quintum
517 4110 692 4195 septimum
713 4119 864 4174 octavum
879 4131 1001 4176 nonum
1018 4109 1181 4176 dee'nnum
1197 4109 1282 4190 dico,
1297 4109 1492 4173 christianus
1514 4109 1622 4174 factus

167 4210 391 4297 composuisse
418 4208 591 4296 probatur3
629 4231 765 4295 quorum
794 4212 932 4298 septimo
959 4220 1026 4276 tres
1055 4232 1169 4296 magos
1196 4210 1273 4276 Iesu
1300 4209 1418 4274 infanti
1440 4210 1526 4274 dena
1546 4208 1621 4275 offe-

168 4322 279 4377 rentes
307 4309 435 4392 laudat‚
464 4333 549 4376 nono
577 4310 744 4376 dominum
772 4321 919 4377 nostrum
947 4313 989 4377 ad
1018 4312 1140 4377 inferos
1167 4311 1418 4379 descendentem
1445 4332 1622 4397 rursusque

169 4413 212 4477 de
239 4414 375 4478 mortuis
402 4421 623 4496 resurgentem
656 4415 842 4498 praedicat,
876 4413 990 4499 quinto
1025 4413 1165 4493 Christi,
1201 4413 1339 4497 virginis
1372 4413 1518 4496 integrae
1551 4410 1621 4494 filii,

169 4513 284 4579 laudes
306 4537 380 4579 cum
402 4513 668 4600 philosophorum
690 4515 820 4602 placitis
842 4513 1019 4582 delumine
1040 4517 1183 4579 omnium
1202 4535 1310 4578 rerum
1333 4512 1423 4578 lente
1445 4514 1622 4596 coniungit,

168 4625 303 4698 octavo,
333 4636 429 4700 quem
459 4627 534 4681 ante
563 4618 695 4681 tertium
719 4615 821 4681 filium
844 4616 907 4682 sibi
929 4626 1042 4681 natum
1065 4615 1120 4699 (cf.
1143 4641 1176 4682 v.
1199 4615 1255 4702 29)
1278 4615 1299 4682 i.
1323 4638 1352 4680 e.
1375 4637 1459 4680 anno
1481 4615 1545 4680 405
1567 4626 1624 4680 aut

166 4717 233 4782 406
254 4719 477 4802 composuisse
498 4718 657 4805 probatur
681 4716 737 4803 (cf.
762 4711 804 4784 H.
828 4717 943 4783 Druon
964 4697 1089 4783 E‘ltudes
1112 4739 1168 4782 sur
1189 4715 1223 4782 la
1245 4717 1298 4780 vie
1321 4727 1354 4781 et
1376 4716 1422 4780 les
1445 4737 1559 4781 ocvres
1581 4715 1622 4780 de

167 4818 327 4906 Synesius
351 4841 383 4906 p.
401 4820 461 4884 105
476 4819 507 4886 ff.
530 4831 564 4886 et
585 4819 625 4884 ll.
641 4818 830 4885 Volkmann
846 4820 1004 4904 Synesius
1028 4841 1093 4884 von
1108 4819 1236 4907 Cyrene
1259 4819 1293 4885 S.
1312 4819 1385 4905 185)
1409 4818 1621 4886 suavissimas
