3800 5474
292 333 366 389 XLII
877 332 1159 387 PROLEGOMENA.

292 479 388 546 nobis
417 479 577 544 videmur.
627 476 711 544 Nelo
740 487 849 544 tamen
875 478 1004 546 silentio
1033 451 1291 566 praetermittere
1319 481 1353 546 in
1379 479 1461 565 cod.¹
1474 480 1620 548 Vindob.
1648 481 1746 550 theol.

294 605 326 646 n.
345 582 404 648 181
421 603 506 646 anno
525 580 605 646 1221
623 589 773 662 exarato,
797 581 832 644 in
854 603 918 668 quo
940 579 1091 648 similiter
1111 590 1210 668 atque
1232 580 1266 646 in
1281 581 1508 649 cod.Vindob.
1524 582 1622 649 theol.
1639 607 1669 652 n.
1687 587 1748 650 136

181 743 184 750 .
297 685 409 773 priora
431 685 560 764 cuxnpd
582 683 774 765 dvncrdctpn
789 680 885 770 plene
901 681 1022 747 omissa
1044 691 1137 766 sunt,
1161 681 1217 747 illa
1232 686 1372 767 ετιχηρὰ,
1388 706 1471 771 quae
1485 684 1585 770 vulgo
1599 686 1747 754 Anatolii

294 808 366 852 esse
381 786 541 869 teruntur,
557 785 677 866 scinne
692 783 845 851 Ἰωάννου
859 789 1006 865 μοναχοῡ
1021 784 1180 876 inscripta
1195 807 1275 852 esse.
1313 784 1382 852 Nec
1398 795 1507 852 tamen
1521 785 1652 870 dubito,
1668 789 1746 875 quin

292 889 379 954 hunc
400 887 608 954 librariorum
631 907 703 951 esse
726 907 866 950 errorem
888 885 1011 971 dicam,
1035 886 1092 974 qui
1106 887 1243 952 aliorum
1258 907 1386 976 quoque
1402 889 1581 954 carminum
1596 899 1747 956 auctores

293 985 471 1056 referentes
501 1010 657 1076 persaepe
684 997 891 1069 erraverunt,
921 998 978 1053 aut
1005 987 1070 1054 duo
1099 990 1230 1054 nomina
1251 990 1484 1074 coniungentes
1508 989 1600 1076 (vide
1622 992 1693 1057 cod.
1717 991 1746 1056 E

293 1092 470 1157 innumeris
493 1089 574 1156 locis
597 1100 630 1156 et
651 1089 790 1156 Menaea
810 1089 842 1155 2.
865 1088 963 1155 Febr.
986 1114 1017 1178 p.
1036 1090 1076 1154 12
1097 1101 1130 1156 et
1151 1091 1203 1158 30.
1226 1091 1312 1158 Nou.
1334 1114 1366 1180 p.
1385 1091 1459 1178 197)
1482 1092 1660 1180 ancipitem
1682 1094 1746 1158 iam

292 1216 352 1259 sna
373 1202 480 1260 aetate
509 1193 654 1258 virorum
682 1191 850 1258 doctorum
878 1192 1063 1280 opinionem
1092 1192 1194 1258 fuisse
1216 1202 1387 1260 testantur.
1432 1193 1616 1260 Coniuncta
1635 1205 1746 1260 autem

293 1299 451 1384 cuiusque
474 1296 544 1360 toni
566 1293 630 1358 duo
653 1293 798 1359 carmina
819 1294 867 1360 ita
888 1292 1032 1382 explico,
1061 1303 1098 1362 ut
1124 1293 1190 1360 alia
1211 1294 1285 1360 aliis
1308 1293 1388 1360 locis
1411 1296 1592 1383 antiquitus
1616 1305 1747 1363 cantata

293 1399 413 1481 fuisse,
436 1396 595 1463 Octoechi
616 1395 726 1461 a'utem
747 1395 956 1484 scriptorem,
979 1406 1017 1462 ut
1038 1397 1206 1484 utriusque
1226 1397 1330 1484 partis
1345 1399 1420 1462 usui
1442 1396 1635 1482 consuleret,
1658 1409 1745 1464 utra-

292 1524 355 1589 que
377 1500 521 1566 carmina
543 1496 713 1587 copulasse
735 1507 886 1563 statuam.
931 1497 1025 1580 Quae
1047 1499 1185 1564 sirecte
1207 1498 1393 1587 disputavi,
1416 1497 1497 1564 illud
1521 1521 1650 1588 quoque
1672 1523 1745 1589 pro-

292 1601 448 1668 babiliter
481 1601 600 1668 coniici
633 1609 755 1687 potest,
788 1600 822 1664 in
851 1623 915 1688 qua
943 1610 1101 1666 terrarum
1130 1610 1222 1689 parte
1251 1599 1424 1666 Anatolius
1453 1599 1608 1668 floruerit.
1653 1603 1745 1668 Duas

293 1704 380 1769 enim
402 1714 471 1769 tum
495 1703 665 1790 temporis,
688 1725 771 1789 quae
793 1701 927 1790 reliquis
950 1703 1146 1787 eminerent,
1175 1702 1269 1768 sedes
1297 1701 1451 1768 ecclesiae
1478 1725 1615 1789 graecae
1643 1705 1746 1770 fuisse

293 1815 434 1884 constat,
480 1805 614 1870 alteram
650 1803 999 1891 Hierosolymitanam,
1044 1804 1180 1872 alteram
1213 1804 1617 1891 Constantinopolitanam.
1675 1806 1745 1871 Iam

293 1909 428 1976 Ioannis
451 1905 664 1990 Damasceni,
692 1895 818 1995 quippe¹
840 1908 897 1994 qui
925 1907 1073 1974 coenobii
1096 1910 1129 1972 S.
1153 1907 1259 1974 Sabae
1282 1905 1455 1994 presbyter
1476 1907 1606 1990 fuisset,
1630 1907 1744 1974 Hiero-

294 2009 428 2098 solymis
451 2010 540 2075 etin
562 2006 775 2074 orientalibus
804 2009 951 2096 partibus
974 2010 1103 2096 imperii
1125 2008 1295 2096 byzantini
1317 2029 1444 2074 summa
1464 2010 1642 2074 auctoritas
1665 2022 1745 2077 erat.

294 2113 376 2180 Inde
397 2111 588 2179 Anatolium
612 2110 898 2198 Constantinopoli
925 2111 1049 2178 vixisse
1076 2120 1133 2176 aut
1160 2109 1364 2199 patriarchae
1392 2111 1745 2198 constantinopolitani

294 2217 408 2282 favore
431 2237 526 2282 usum
553 2235 624 2279 esse
651 2214 809 2300 suspicor.
854 2213 947 2279 Haec
973 2211 1077 2281 literis
1105 2213 1169 2278 iam
1196 2211 1444 2296 mandaveram,
1474 2233 1549 2278 cum
1570 2213 1604 2278 in
1625 2235 1744 2298 magno

294 2317 472 2402 Horologio
495 2315 645 2382 Venetiis
668 2337 753 2380 anno
778 2315 860 2382 1850
882 2315 971 2381 edito
993 2313 1105 2382 Barth.
1131 2301 1415 2380 Outlumusianum
1437 2337 1469 2402 p.
1485 2315 1546 2380 301
1569 2314 1746 2382 adnotasse

293 2421 434 2505 cognovi
457 2419 575 2501 fuisse,
598 2418 655 2504 qui
671 2415 860 2483 Anatolium
883 2428 1012 2504 poetam
1027 2416 1193 2484 Theodori
1214 2415 1366 2484 Studitae
1388 2415 1585 2505 discipulum
1606 2417 1746 2505 epistola

292 2519 439 2586 Anatolii
471 2522 657 2586 etiamnunc
689 2527 821 2584 servata
853 2519 1044 2606 probarent,
1078 2519 1217 2606 quodsi
1246 2526 1334 2584 recte
1360 2518 1554 2584 adnotatum
1582 2529 1647 2601 cst,
1681 2542 1745 2585 non

293 2622 402 2706 video,
425 2621 586 2709 quomodo
609 2613 755 2687 Ariatolii
778 2622 909 2702 ετιχηρὰ
930 2622 964 2686 in
986 2621 1059 2686 cod.
1073 2622 1106 2686 D
1129 2622 1195 2688 ἀπὸ
1217 2627 1285 2688 τῶν
1306 2624 1454 2688 παλαιῶν
1476 2620 1612 2687 inscribi
1634 2631 1744 2709 potue-

293 2727 373 2805 rint,
408 2724 471 2788 nisi
504 2723 589 2789 forte
617 2745 656 2788 ea
684 2746 766 2809 quae
793 2724 901 2812 priore
933 2721 1004 2788 loco
1032 2723 1156 2810 scripta
1189 2731 1267 2790 sunt
1300 2724 1429 2805 (τιχηρὰ
1455 2707 1592 2788 non‘ab
1621 2723 1746 2790 Ioanne

294 2827 512 2906 Damascene,
535 2825 594 2890 sed
616 2827 658 2892 ab
680 2823 744 2890 alio
767 2826 907 2912 quodam
930 2826 1109 2890 recentiore
1131 2832 1228 2912 poeta
1249 2827 1430 2912 composita
1450 2848 1524 2890 esse
1545 2833 1682 2890 statuas.

377 2929 563 3010 Ἀνδρέα(
593 2929 737 3008 Κρήτη(
765 2927 921 2992 Damasci
953 2936 1049 2992 natus
1078 2924 1368 3012 Hierosolymitani
1398 2949 1579 3012 cognomen
1610 2929 1744 2994 sortitus

293 3039 357 3110 est,
387 3027 473 3116 quod
500 3029 629 3094 iuvenis
660 3030 865 3116 patriarchae
893 3026 1191 3114 Hierosolymitano
1218 3029 1261 3094 ab
1290 3028 1436 3116 epistulis
1460 3029 1538 3111 snit,
1565 3029 1743 3112 Cretensis,

292 3132 380 3218 quod
403 3141 558 3219 provecta
578 3139 685 3196 aetate
707 3129 768 3194 sub
791 3111 888 3194 firlcm
910 3131 1040 3217 septimi
1056 3128 1178 3196 saeculi
1193 3129 1311 3196 Cretae
1332 3129 1458 3196 insulse
1478 3130 1742 3219 archiepiscopus

292 3234 401 3301 sactus
416 3239 488 3300 est!
516 3232 697 3299 Doctrinae
718 3241 827 3300 autem
849 3232 942 3320 copia
963 3242 997 3298 et
1018 3253 1144 3298 morum
1158 3232 1346 3316 integritate
1360 3232 1409 3298 ita
1423 3230 1591 3317 excelluit,
1606 3243 1644 3300 ut
1658 3235 1743 3300 inter

292 3345 422 3403 sanctos
443 3343 556 3423 patres
578 3333 734 3400 ecclesiae
756 3335 957 3423 reciperetur
978 3334 1113 3421 eiusque
1135 3333 1290 3398 memoria
1311 3356 1377 3400 non
1398 3333 1502 3399 solum
1518 3356 1573 3418 eo,
1595 3359 1660 3422 quo
1677 3336 1743 3401 vita

292 3438 466 3504 defunctus
488 3447 554 3515 est,
576 3436 631 3502 die
653 3437 695 3520 (4.
712 3434 801 3523 Iul),
823 3436 882 3502 sed
904 3439 1001 3504 etiam
1022 3435 1096 3502 aliis
1119 3435 1320 3522 temporibus
1342 3435 1433 3520 (vide
1455 3437 1600 3524 troparia
1620 3438 1655 3502 in
1677 3438 1743 3502 An·

291 3539 390 3604 dreae
411 3538 567 3605 honorem
588 3539 711 3626 scripta
732 3540 767 3603 in
788 3538 901 3606 Triod.
924 3563 956 3625 p.
976 3539 1018 3605 84
1039 3546 1073 3604 et
1093 3537 1170 3620 260)
1192 3538 1227 3601 in
1248 3536 1370 3603 honore
1391 3536 1576 3604 haberetur.
1621 3539 1742 3620 Quam·

292 3661 390 3728 quam
420 3649 530 3706 sutem
561 3639 738 3726 permultos
770 3640 871 3706 libros
903 3639 1136 3728 conscripsisse
1170 3638 1290 3720 fertur,
1323 3647 1433 3704 tamen
1465 3649 1595 3725 praeter
1620 3639 1744 3728 aliquot

293 3743 472 3825 orationes,
500 3764 566 3807 una
591 3763 666 3807 eum
687 3742 909 3831 Amphilochii
931 3752 965 3810 et
985 3739 1147 3808 Methodii
1173 3739 1325 3827 operibus
1347 3761 1368 3804 a
1389 3740 1585 3808 Cambefisio
1608 3743 1742 3808 Parisiis

188 3827 193 3851 ’
292 3867 323 3910 a.
349 3844 431 3909 1644
459 3843 581 3927 editas,
610 3842 692 3910 nihil
718 3846 867 3912 novimus
897 3866 995 3932 quam
1021 3842 1200 3917 idiomelon
1226 3851 1260 3908 et
1286 3863 1447 3910 canonum
1474 3843 1562 3910 haud
1590 3846 1742 3930 exiguum

294 3969 474 4012 numerum.
517 3947 609 4012 Inter
636 3969 776 4016 canones
803 3946 1034 4014 celeberrimus
1062 3955 1112 4011 est
1139 3967 1278 4031 magnus
1306 3967 1410 4012 canon
1437 3946 1470 4030 (h
1492 3949 1590 4027 μέγα(
1611 3949 1743 4030 κανών),

296 4049 386 4114 cuius
408 4047 589 4136 amplitudo
604 4051 692 4138 apud
708 4051 852 4118 Graecos
874 4050 907 4113 in
930 4047 1140 4134 proverbium
1161 4047 1254 4114 abiit·
1299 4047 1423 4114 Iseum
1446 4070 1489 4113 ex
1510 4057 1649 4134 quatuor
1670 4071 1742 4136 par-
1843 4083 1846 4092 v

292 4151 381 4218 tibus
405 4159 437 4218 et
460 4150 607 4219 ducentis
630 4152 867 4241 quinquaginta
886 4149 1029 4237 strophis
1052 4159 1191 4234 constet,
1214 4171 1311 4216 unam
1333 4157 1460 4237 partem
1474 4153 1604 4234 (τμῆμα)
1626 4151 1661 4215 in
1683 4152 1742 4216 hoc

292 4253 376 4322 libro
399 4253 496 4322 edere
517 4255 596 4321 satis
619 4277 690 4321 esse
713 4255 885 4336 duximus3
915 4253 1019 4338 magis
1041 4251 1128 4318 enim
1150 4250 1319 4336 Andreas,
1347 4251 1436 4338 quod
1458 4252 1581 4338 primus
1604 4275 1743 4318 canones

292 4359 436 4447 scripsit,
470 4381 567 4446 quam
599 4357 832 4424 sententiarum
863 4355 973 4443 lepore
1005 4351 1217 4420 modorumve
1244 4352 1418 4421 dulcedine
1445 4375 1599 4440 magnum
1626 4377 1745 4420 nomen

291 4471 429 4526 nanctus
450 4470 512 4525 est.
1391 4545 1392 4548 Ἴ

376 4563 559 4642 Ἀνδρέα(
578 4565 733 4646 -Πυρόε,
753 4567 864 4648 'quem
895 4560 1015 4626 rectius
1043 4561 1174 4641 lloppbt
1202 4560 1273 4626 sive
1299 4560 1427 4640 Πυριό(
1455 4559 1555 4626 scribi
1582 4567 1743 4643 putamus,

292 4686 356 4750 quo
372 4673 516 4751 tempore
531 4663 585 4728 vel
599 4664 633 4731 in
648 4688 712 4752 qua
727 4665 858 4748 regione
873 4661 1010 4746 vixerit,
1033 4663 1183 4750 equidem
1197 4659 1368 4749 explorare
1382 4685 1447 4728 non
1462 4661 1564 4749 potui.
1601 4661 1744 4728 Exacto

291 4765 470 4850 idiomelis,
499 4787 584 4853 quae
610 4769 645 4832 in
670 4767 817 4834 Menaeis
845 4764 907 4834 sub
935 4766 1006 4832 eins
1041 4765 1170 4830 nomine
1199 4765 1360 4849 feruntur,
1387 4764 1600 4832 suavissimas
1628 4763 1744 4830 laudes
