3800 5474
530 381 597 446 nlfl'.
614 391 632 444 l.
663 390 711 444 DE
726 389 854 445 POETlS
869 389 1098 446 CHRISTIANIS
1114 390 1276 446 GRAECIS.
1551 391 1627 448 XXV

173 541 289 606 effetae
311 537 421 603 arbori
442 537 593 620 insitum,
608 535 726 618 =laetos
749 535 927 602 carminum
954 537 1063 604 foetus
1090 541 1232 625 peperit3
1261 561 1367 625 neque
1395 537 1499 605 solum
1525 538 1627 624 epicis

173 640 369 708 carminibus
384 639 547 726 ¹speciosa
573 637 777 704 heroicarum
806 638 993 705 fabularum
1020 640 1178 707 miracula
1205 639 1409 727 pandebant,
1444 640 1501 706 sed
1529 639 1628 706 etiarn

172 742 295 829 lyricos
319 741 500 807 carminum
523 739 819 807 ecclesiasticorum
841 740 991 806 modulos
1013 742 1141 808 lusibus
1164 743 1311 831 profanis
1335 753 1368 807 et
1389 763 1498 808 rerum
1519 749 1627 828 gesta·

172 867 245 911 rum
278 843 431 910 laudibus
464 843 764 910 accommodabant.
809 843 893 908 Tam
924 843 1030 910 laetae
1061 844 1275 910 fecunditatis
1307 845 1432 930 ingenii
1460 854 1495 910 et
1522 845 1627 910 mutui

172 969 338 1012 sacrarum
364 944 639 1031 profanarumque
666 943 835 1012 literarum
864 945 1047 1012 commercii
1069 947 1212 1032 vestigia
1238 946 1362 1012 frustra
1383 944 1471 1033 apud
1493 946 1623 1033 Byzan·

174 1050 259 1116 tinos
287 1047 507 1135 quaesiveris3
540 1068 646 1134 neque
674 1049 760 1114 anim
787 1048 867 1134 ipsi,
896 1069 962 1134 qua
990 1057 1083 1113 erent
1110 1050 1211 1114 animi
1234 1047 1418 1114 humilitate
1441 1048 1628 1134 viriumque

174 1149 416 1233 imbecillitate,
449 1148 634 1237 praeclaras
666 1172 719 1215 res
752 1149 882 1216 naviter
912 1159 1103 1234 gesserunt,
1137 1159 1169 1216 et
1196 1171 1316 1238 parvas
1343 1147 1566 1238 amplificandi
1596 1158 1629 1214 et

109 1309 118 1329 „
173 1253 360 1340 prodigiose
382 1249 524 1336 augendi
546 1252 683 1316 iuvenili
706 1252 821 1317 ardore
849 1235 1019 1335 carebant3
1048 1273 1158 1316 amare
1186 1274 1264 1318 vero
1293 1259 1326 1316 et
1352 1250 1481 1333 ludere,
1510 1271 1627 1316 excan-

173 1355 306 1420 descere
339 1363 372 1419 et
404 1353 641 1436 commisereri,
675 1354 815 1440 denique
847 1352 1052 1420 naturalibus
1086 1353 1186 1420 animi
1219 1354 1391 1420 affectibus
1428 1353 1628 1418 commoveri
1659 1393 1662 1402 ›

173 1479 307 1545 prorsus
335 1455 473 1520 desiisse
501 1453 666 1521 videntur.
711 1454 787 1536 Quo
813 1456 934 1520 sactum
964 1463 1038 1538 cst,
1058 1466 1097 1521 ut
1123 1457 1158 1520 in
1180 1457 1290 1542 spica,
1313 1455 1469 1537 iambica,
1500 1453 1628 1520 ludicra

173 1558 266 1648 poesi
280 1569 338 1624 aut
351 1554 434 1621 nihil
450 1565 658 1642 procrearent
673 1565 731 1622 aut
750 1556 849 1641 nihil,
874 1555 961 1643 quod
975 1556 1226 1623 occidentalium
1248 1560 1395 1641 gentium
1417 1577 1529 1622 musac
1551 1579 1626 1642 con-

174 1661 255 1726 ferri
280 1667 409 1744 posset,
439 1657 654 1725 elaborarent.
696 1660 751 1724 An
773 1659 917 1724 Tzetzae
945 1657 1110 1747 Pscllique
1136 1659 1286 1744 garrulas
1313 1681 1418 1745 nugas
1447 1657 1501 1722 vel
1528 1659 1628 1723 etiam

175 1761 312 1848 Georgii
340 1759 473 1825 Pisidae
502 1758 705 1827 calamistros
734 1783 807 1826 cum
835 1759 1097 1846 Nibelungorum
1118 1763 1229 1827 nervis
1253 1770 1286 1826 et
1308 1762 1438 1827 lacertis
1460 1768 1518 1825 aut
1539 1761 1627 1826 Ana·

175 1871 398 1929 creonteorum
420 1849 567 1928 tornatos
589 1863 756 1929 cincinnos
779 1885 852 1928 cum
876 1861 1038 1928 Waltheri
1066 1863 1169 1928 nostri
1198 1883 1276 1928 suco
1298 1872 1397 1948 atque
1419 1860 1628 1951 simplicitate

174 1987 366 2053 componere
388 1963 606 2030 audebimus?
1451 1965 1460 1980 '

260 2067 353 2132 Haec
379 2088 453 2133 cum
479 2067 526 2132 its
553 2068 635 2150 sint,
664 2066 886 2133 ecclesiastica
914 2067 1058 2132 carmina
1086 2067 1154 2132 lere
1177 2067 1247 2134 sola
1274 2067 1407 2134 fuerunt
1414 2117 1423 2151 ,
1452 2067 1628 2154 inquibus

176 2168 359 2258 pangendis
393 2169 539 2234 homines
570 2168 747 2256 Byzantini
780 2190 912 2256 operam
944 2167 1148 2236 collocabant
1178 2192 1239 2236 nec
1270 2171 1466 2236 mediocrem
1498 2168 1629 2234 laudem

176 2271 343 2338 consecuti
371 2278 462 2352 sunt3
496 2292 580 2357 quae
607 2271 757 2357 quamvis
786 2280 818 2336 et
845 2271 918 2357 ipss
950 2270 1056 2336 lebam
1089 2272 1231 2358 frigidae
1260 2270 1454 2338 subtilitatis
1483 2280 1516 2335 et
1545 2270 1630 2336 aridi

178 2373 320 2461 torporis
342 2371 519 2452 traxerint,
553 2382 662 2436 tamen
690 2373 812 2458 magis,
847 2392 944 2461 quam
972 2396 1030 2461 par
1059 2384 1145 2453 erat,
1174 2396 1195 2439 a
1216 2374 1298 2438 viris
1320 2374 1425 2440 doctis
1446 2372 1554 2438 adhue
1575 2393 1630 2437 ne·
1749 2422 1752 2428 .
1834 2414 1836 2421 .

109 2461 115 2479 ⁵
176 2477 284 2563 glscta
310 2475 472 2541 iacebant.
516 2473 618 2539 Nobis
647 2483 755 2568 sutem
778 2497 817 2540 eo
838 2475 991 2560 digniora
1018 2485 1109 2560 sunt,
1139 2497 1222 2564 quac
1244 2496 1477 2560 cognoscamus
1501 2484 1534 2540 et
1555 2497 1629 2561 per-

176 2579 395 2664 vestigamus,
424 2575 512 2663 quod
539 2575 581 2640 ad
610 2577 734 2665 possim
756 2585 952 2663 cantumque
974 2576 1232 2644 ecclesiasticum
1254 2575 1504 2644 occidentalium
1526 2598 1628 2664 popu·

175 2683 280 2747 lorum
302 2677 558 2764 promovendum
581 2677 756 2765 plurimum
769 2678 963 2758 ,valuerunt
1001 2679 1110 2746 Huius
1124 2681 1173 2745 rei
1188 2682 1382 2746 documenta
1403 2680 1476 2763 ipsa
1498 2679 1630 2744 nomina

175 2793 252 2850 sunt
273 2781 452 2848 carminum
473 2780 517 2846 ab
538 2801 656 2865 gracco
679 2781 770 2846 fonte
791 2771 958 2864 derivata3
981 2778 1084 2846 veluti
1107 2781 1306 2869 antiphonae
1328 2789 1362 2846 et
1385 2783 1471 2868 tropi
1489 2780 1629 2846 Franco·

176 2907 249 2950 rum
272 2883 361 2968 (vide
383 2883 539 2967 Beitritge
561 2881 594 2948 S.
620 2881 658 2948 18
681 2883 717 2966 f.)
741 2884 783 2950 ab
806 2881 993 2969 antiphonis
1016 2891 1049 2948 et
1070 2884 1224 2970 tropariis
1248 2884 1448 2949 Graecorum
1471 2883 1630 2968 originem

177 2987 356 3068 duxerunt,
390 2993 423 3049 et
452 2983 694 3071 sequentiarum
716 2983 855 3050 latinum
876 3005 994 3049 nomen
1021 3007 1042 3048 a
1069 3006 1188 3069 graeco
1214 2987 1408 3054 ἀκολουθία(
1435 2983 1629 3063 translatum

177 3111 249 3154 esse
270 3095 422 3174 apparet,
445 3085 523 3151 licet
544 3086 720 3170 genuinam
738 3087 849 3172 green
865 3085 1018 3152 vocabuli
1032 3086 1305 3172 significationem
1321 3089 1442 3154 Franci
1457 3085 1629 3152 Germani-

177 3212 240 3278 que
261 3187 429 3276 paululum
452 3187 660 3254 deterserint.
705 3187 815 3254 Etiam
841 3189 1006 3278 apertiora
1032 3209 1170 3276 graecm
1198 3190 1333 3276 originis
1356 3190 1481 3254 indicia
1502 3188 1629 3253 musica

175 3313 229 3357 ars
263 3290 384 3357 latinae
416 3289 572 3355 ecclesiae
603 3289 756 3378 praebet,
792 3311 899 3377 neque
927 3290 1013 3355 enim
1042 3289 1146 3356 solum
1176 3300 1249 3357 octo
1277 3293 1347 3357 toni
1375 3288 1627 3357 occidentalium

175 3395 324 3480 gentium
347 3402 379 3457 et
397 3391 482 3459 ὀκτὼ
497 3393 571 3474 ἦχοι
586 3391 788 3459 Graecorum
811 3393 877 3464 sibi
898 3393 1041 3458 invicem
1061 3392 1274 3479 respondent,
1298 3391 1357 3457 ssd
1379 3394 1478 3457 etiam
1499 3390 1630 3456 nomina

175 3494 356 3561 authentici
385 3501 417 3558 et
444 3492 547 3581 plagii
572 3494 643 3559 toni
674 3515 812 3580 graecae
843 3494 1069 3579 originationis
1102 3501 1212 3558 notam
1245 3503 1426 3558 servarunt.
1478 3493 1630 3578 Denique

176 3619 242 3664 non
264 3596 383 3662 desunt
404 3594 528 3661 diserta
547 3597 736 3662 testimonia
750 3598 945 3684 scriptorum
960 3594 1063 3660 latina
1077 3595 1220 3660 carmina
1234 3594 1455 3661 ecclesiastica
1469 3617 1489 3660 a
1502 3595 1629 3680 graccis

175 3707 323 3788 promota
354 3697 557 3764 testantium.
601 3697 656 3764 Sic
677 3697 858 3764 Monachus
881 3697 1104 3783 Sangallensis
1133 3698 1168 3762 in
1196 3696 1373 3763 Gestorum
1400 3697 1517 3763 Karoli
1544 3695 1629 3761 libro

176 3801 319 3866 secundo
342 3799 570 3886 (Monumcnta
590 3821 693 3886 germ.
708 3799 865 3866 historiae
886 3800 935 3884 Π,
951 3801 1027 3886 751)
1050 3799 1131 3865 haec
1152 3800 1328 3866 memoriae
1349 3798 1512 3888 prodidit:
1535 3796 1629 3864 ‘Cum

176 3905 279 3990 igitur
301 3900 421 3968 Graeci
444 3949 453 3966 .
478 3949 486 3966 .
510 3949 518 3965 .
543 3951 551 3965 .
575 3911 699 3968 secreto
722 3903 756 3968 in
784 3925 845 3967 sua
872 3901 986 3988 lingua
1013 3901 1074 3968 deo
1103 3900 1279 3990 psallerent
1305 3912 1338 3967 et
1365 3901 1421 3966 ille
1448 3899 1630 3968 occultatus

177 4007 213 4071 in
234 4005 383 4093 proximo
406 4004 586 4070 carminum
608 4002 782 4070 dulcedine
804 4003 1030 4088 delectaretur,
1053 4006 1220 4092 praecepit
1234 4003 1363 4070 clericis
1379 4004 1464 4086 suis,
1487 4013 1523 4068 ut
1545 4000 1630 4066 nihil

177 4116 254 4172 ante
280 4115 465 4191 gustarent,
500 4128 598 4193 quam
626 4104 758 4172 easdem
784 4105 980 4194 antiphonas
1007 4108 1043 4171 in
1071 4106 1208 4173 latinum
1241 4127 1416 4171 conversas
1444 4105 1509 4192 ipsi
1537 4124 1629 4190 prae-

177 4217 354 4275 sentarent.
413 4207 496 4274 Item
533 4207 720 4295 Cyprianus
757 4207 791 4274 S.
824 4208 1015 4274 Caesarium
1057 4209 1284 4274 Arelatensem
1322 4207 1425 4272 refert
1468 4204 1630 4270 adiecisse

178 4321 211 4376 st
232 4307 443 4397 compulisse,
471 4319 509 4376 ut
535 4310 701 4398 laicorum
721 4309 921 4398 popularitas
949 4309 1092 4396 psalmos
1120 4317 1153 4375 et
1174 4311 1313 4397 hymnos
1342 4315 1473 4395 pararet
1498 4304 1630 4392 altaque

178 4421 211 4479 ct
225 4410 392 4479 modulata
406 4433 486 4478 voce
507 4413 613 4478 instar
633 4411 825 4478 clericorum
848 4411 905 4478 alii
926 4433 1059 4497 graece,
1082 4410 1140 4478 ulii
1160 4410 1261 4476 latine
1283 4431 1396 4497 prosas
1419 4408 1629 4496 antiphonas·

179 4536 242 4602 que
269 4523 440 4579 cantarent
466 4513 558 4600 (vide
587 4511 729 4580 Gerbert
758 4501 815 4578 De
843 4517 968 4580 musica
994 4535 1087 4579 sacra
1114 4513 1149 4596 I,
1172 4513 1262 4598 340).
1317 4512 1389 4578 Hoc
1417 4522 1528 4578 autem
1556 4531 1629 4576 cum

178 4617 365 4682 testimonio
385 4615 535 4684 conferas
557 4615 797 4683 Ekkehardum
818 4617 937 4698 (Casus
959 4615 993 4681 S.
1010 4613 1099 4681 Galli
1120 4615 1156 4679 in
1178 4613 1322 4680 Menum.
1347 4613 1459 4681 Germ.
1482 4614 1558 4681 hist.
1582 4612 1629 4696 II,

182 4719 255 4805 126)
278 4727 464 4783 nauantem
486 4717 674 4805 Hadvigam
698 4717 863 4786 ducissam
885 4717 1020 4784 latinam
1043 4717 1254 4807 antiphonam
1277 4717 1402 4783 ‘Maria
1424 4724 1457 4781 et
1477 4715 1627 4782 flumina’

179 4819 226 4884 sic
246 4841 364 4906 maces
379 4821 533 4887 vertisse:
558 4823 718 4889 εθάλαιεαι
733 4823 785 4890 καὶ
799 4823 938 4904 ποταμοὶ
952 4821 1115 4900 εὐλογεῖτε
1138 4821 1196 4890 τὸν
1219 4820 1345 4901 κύριον·
1368 4821 1495 4902 ὑμνεῖτε
1517 4824 1630 4901 πηγῶν
