3800 5474
273 371 412 426 LXXVIII
859 366 1140 462 pectusculum.

273 539 379 603 neque
408 515 476 580 ulla
502 516 537 578 in
564 517 691 600 graecis
720 512 998 578 modulationibus
1026 513 1087 578 hac
1114 513 1332 578 intendendae
1362 512 1450 579 vocis
1480 520 1558 576 nota
1579 513 1734 590 crebrior¹

275 629 341 700 est,
364 619 465 683 veluti
488 619 520 681 in
544 616 679 680 exordio
702 616 854 680 carminis
877 614 1061 680 celeber-imi
1084 615 1149 694 Τὴν
1172 613 1368 695 &perduntur

280 759 1652 921 r..‹....x)33t-}‘-,-t-<..mo<23c.-g›oo÷

175 991 179 997 .
275 945 340 1022 Την
391 965 418 1006 ω
463 962 514 1021 ραι
564 889 597 1004 d,
609 958 697 1017 τητα
741 956 761 999 α
796 957 851 1016 τηε
873 955 939 1015 παρ
961 941 997 1000 θε
1019 882 1110 1001 viae
1126 957 1183 1001 coo
1199 959 1248 1004 και
1263 961 1301 1004 το
1359 963 1379 1004 ο
1415 945 1647 1022 περλαμπροον

682 1100 885 1176 ΐ-ἰ-Ἷ
898 1121 1017 1208 RD
1029 1082 1111 1164 02.

942 1215 963 1250 2

703 1303 740 1346 το
780 1301 835 1361 τηε
858 1302 948 1359 αγνει
971 1302 1008 1346 α(
1038 1301 1106 1347 tou.

274 1444 416 1521 quatuor
437 1429 582 1518 syllabas
606 1455 624 1498 o
647 1454 677 1498 νι
722 1453 783 1512 περ
826 1453 874 1499 νει
917 1440 1067 1518 petastae
1088 1443 1168 1498 nota
1188 1432 1360 1516 insignitas
1375 1432 1422 1496 ita
1437 1434 1666 1518 pronuntiant,
1689 1444 1727 1498 ut

274 1558 388 1602 venem
410 1533 634 1598 vehementius
657 1533 690 1597 in
712 1533 920 1598 altitudinem
943 1533 1082 1620 rapiant.
1127 1534 1198 1598 Hoc
1225 1554 1353 1619 quoque
1380 1544 1561 1600 memoratu
1588 1535 1727 1620 dignum

275 1635 452 1721 est,‘quod
475 1643 552 1699 nota
573 1635 752 1714 xldcuorot
774 1635 867 1720 signo
890 1645 1038 1720 petastae
1060 1635 1208 1700 subiecta
1230 1643 1378 1699 cantores
1401 1645 1541 1721 quatuor
1563 1635 1636 1700 illas
1660 1634 1726 1724 syl-

275 1737 367 1802 labas
391 1757 455 1800 non
478 1733 582 1799 solum
605 1736 731 1820 erigere
753 1736 811 1800 sed
835 1738 935 1802 etiam
956 1737 1004 1801 ita
1025 1737 1214 1822 protrahere
1235 1735 1405 1815 iubentur,
1427 1744 1465 1800 ut
1486 1735 1623 1822 duplum
1645 1747 1724 1802 tem·-

275 1839 365 1926 poris
392 1837 533 1924 spatium
563 1838 634 1901 sive
662 1835 744 1902 duas
767 1859 873 1902 moras
896 1837 1060 1924 expleant.
1105 1837 1170 1902 Sed
1199 1858 1396 1924 quamquam
1424 1859 1522 1923 saepe
1547 1840 1724 1923 protractio

275 1941 367 2005 vocis
390 1961 463 2003 oum
486 1947 634 2024 petastae
656 1949 733 2004 nota
754 1941 929 2004 coniuncta
951 1949 1016 2020 est,
1039 1948 1148 2004 tamen
1170 1960 1307 2019 caveas,
1330 1960 1371 2002 ne
1391 1939 1512 2025 ubique
1526 1937 1588 2004 hoc
1603 1939 1724 2005 factum

276 2052 309 2107 et
338 2041 465 2128 plenam
495 2039 742 2105 similitudinem
770 2043 856 2106 inter
884 2039 1046 2127 syllabam
1071 2039 1134 2104 hae
1160 2049 1239 2104 nota
1265 2039 1446 2128 byzantina
1473 2041 1668 2104 instructam
1694 2050 1726 2104 et

275 2142 435 2230 syllabam
458 2140 651 2227 productam
665 2152 813 2207 veterum
829 2151 999 2228 poetarum
1014 2141 1213 2206 intercedere
1228 2139 1410 2207 arbitreris.
1453 2141 1612 2208 Similiter
1627 2143 1724 2207 etiam

277 2265 335 2308 eae
359 2241 523 2330 syllabae,
546 2264 631 2328 quae
654 2265 727 2307 cum
742 2243 907 2326 gravitate
922 2243 1015 2327 (μετὰ
1031 2243 1163 2328 βάρους)
1179 2243 1440 2328 pronuntiandae
1455 2255 1533 2309 sunt
1541 2291 1551 2324 ,
1574 2244 1724 2308 siminus

275 2345 427 2411 omnibus
450 2343 546 2424 locis,
569 2352 603 2408 at
625 2355 735 2407 tamen
756 2342 920 2430 plerisque
943 2344 1078 2430 duplum
1101 2345 1255 2430 temporis
1278 2344 1420 2428 spatium
1444 2343 1587 2431 explent.

361 2447 421 2510 llis
445 2447 547 2530 igitur
569 2447 654 2510 notis
675 2454 788 2509 nostra
809 2446 966 2510 memoria
988 2443 1167 2510 secundum
1194 2455 1370 2532 praecepta
1397 2465 1502 2511 novae
1531 2446 1724 2534 disciplinae

275 2551 420 2614 musicae
448 2547 517 2631 (rho
540 2548 615 2612 νέα(
636 2547 791 2630 μεθόδου)
820 2548 863 2611 ad
890 2549 989 2611 ictum
1019 2549 1090 2612 sive
1112 2547 1325 2612 intentionem
1355 2547 1447 2612 vocis
1475 2547 1723 2633 significandam

275 2660 427 2732 utuntur3
456 2649 491 2712 in
519 2646 689 2712 codicibus
712 2658 806 2712 notas
830 2654 885 2728 τῆς
908 2650 1035 2731 βαρείας
1056 2651 1108 2716 καὶ
1134 2653 1189 2728 τῆς
1218 2652 1374 2728 resecuit
1399 2648 1471 2713 fere
1496 2647 1613 2714 iisdem
1635 2650 1722 2727 loeis,

277 2754 396 2839 quihus
418 2751 453 2814 in
475 2747 568 2813 libris
585 2748 674 2835 prelo
691 2750 835 2831 excusis,
851 2759 1040 2837 usmpatas,
1065 2753 1227 2833 ψηφιετὸν
1249 2758 1358 2814 autem
1381 2749 1482 2814 multo
1504 2753 1610 2816 rarius
1633 2750 1725 2816 adhi-

277 2857 380 2919 bitum
408 2851 549 2938 repperi.
593 2850 707 2938 Neque
735 2861 845 2916 tamen
870 2873 922 2916 res
951 2853 1024 2937 ipsa
1051 2851 1118 2915 ulla
1146 2873 1188 2916 ex
1215 2862 1309 2937 parte
1330 2861 1456 2918 mutata
1484 2873 1555 2916 esse
1578 2853 1727 2936 videtur;

277 2949 429 3020 codicum
452 2951 538 3018 enim
567 2951 692 3016 librarii
721 2962 851 3039 praeter
878 2961 961 3033 tres,
991 2973 1074 3038 quae
1101 2953 1200 3017 etiam
1221 2973 1309 3017 nune
1336 2954 1371 3017 in
1398 2975 1459 3017 usu
1488 2962 1580 3035 suut,
1609 2963 1728 3041 quarta

276 3067 362 3136 nota,
386 3075 450 3141 qua
473 3074 586 3119 vocem
607 3075 672 3118 uno
694 3051 867 3118 intervallo
884 3054 1073 3137 erigendam
1089 3075 1159 3118 csse
1174 3062 1359 3138 monerent,
1380 3053 1572 3135 utebantur,
1596 3065 1629 3120 et
1642 3055 1727 3121 hanc

278 3168 428 3244 quartam
451 3164 578 3238 notam,
607 3158 661 3220 eui
684 3164 717 3218 et
739 3176 854 3218 nomen
877 3163 911 3219 et
937 3155 1067 3239 signum
1089 3166 1242 3221 accentus
1265 3157 1353 3220 acuti
1382 3156 1515 3240 (dicier)
1544 3166 1630 3240 erat,
1657 3157 1727 3221 fere

276 3261 318 3324 iis
341 3257 437 3340 loeis,
466 3257 585 3342 quibus
612 3277 700 3320 nunc
722 3256 836 3332 ὀλίγον
864 3277 938 3325 eum
966 3263 1117 3341 ψηφιετῷ
1146 3257 1365 3342 coniungunt,
1394 3257 1605 3323 adhibebant.
1651 3256 1726 3338 Quo

277 3369 385 3425 autem
408 3369 553 3445 tompore
575 3367 721 3422 veterem
749 3356 836 3422 illam
866 3357 1064 3424 notationem
1088 3358 1267 3424 abiecerint
1297 3379 1482 3445 novamque
1514 3358 1726 3439 adsciverint,

279 3462 428 3549 equidem
462 3462 496 3526 in
529 3453 602 3526 mea
633 3459 789 3524 librorum
817 3460 954 3547 penuria
986 3459 1171 3525 accuratius
1198 3458 1334 3525 delinire
1364 3482 1430 3525 uon
1457 3463 1566 3546 potui,
1599 3460 1739 3554 quade
1779 3509 1784 3524 .

278 3586 378 3628 eausa
401 3561 563 3646 Graecos,
587 3561 706 3648 quihus
729 3563 911 3628 carminum
933 3560 1035 3626 libros
1065 3560 1175 3646 plures
1203 3561 1395 3648 inspiciendi
1424 3572 1457 3626 et
1483 3563 1603 3626 rectius
1626 3563 1726 3625 inter·

279 3663 431 3749 pretendi
455 3665 549 3749 copia
570 3664 660 3726 lacta
682 3673 748 3745 est,
777 3663 961 3728 admonitos
992 3661 1090 3734 velim
1097 3710 1107 3744 ,
1136 3671 1173 3727 ut
1193 3663 1277 3728 hanc
1299 3685 1427 3750 quoque
1449 3683 1517 3726 rem
1540 3663 1728 3728 examinent

279 3766 373 3830 etad
397 3763 558 3850 liquidum
581 3763 773 3850 perducant.

365 3867 419 3930 Ex
441 3867 500 3948 iis,
523 3886 607 3952 quae
629 3865 798 3952 hucusque
825 3865 984 3948 disserui,
1014 3875 1151 3953 apparet
1178 3866 1373 3954 byzantinos
1402 3865 1544 3931 musicos
1571 3867 1655 3932 ictus
1677 3867 1726 3931 in·

279 3967 499 4054 tentionisque
521 3967 612 4048 vocis
636 3966 704 4029 vim
725 3966 807 4032 adeo
828 3990 896 4033 non
918 3967 1059 4052 fugisse,
1088 3979 1126 4034 ut
1152 3981 1259 4034 certas
1282 3966 1439 4054 quasdam
1466 3975 1562 4032 notas
1589 3966 1632 4033 ad
1655 3989 1725 4032 eam

279 4067 527 4154 significandam
549 4067 744 4134 invenirent.
788 4067 877 4150 Quid
906 4068 1006 4134 vero?
1040 4070 1163 4134 nihilne
1191 4079 1308 4156 poetae
1335 4069 1476 4134 musicos
1505 4067 1726 4134 adiuverunt?

279 4169 410 4235 nullane
430 4173 632 4236 musicorum
654 4179 686 4234 et
707 4180 876 4256 poetarum
906 4180 1020 4236 mutua
1034 4171 1227 4236 commercia
1247 4181 1354 4250 erant,
1378 4172 1569 4257 praesertim
1591 4171 1633 4235 iis
1648 4181 1726 4234 tom·

280 4272 430 4360 poribus,
455 4271 574 4359 quibus
596 4271 695 4338 iidem
723 4282 756 4338 et
777 4273 922 4338 carmina
949 4271 1092 4344 scribere
1120 4281 1152 4337 et
1174 4272 1288 4339 modos
1310 4272 1420 4338 faeere
1443 4268 1618 4337 solebant?
1655 4271 1727 4336 Hoc

279 4397 352 4439 cum
374 4375 483 4460 ipsum
505 4375 586 4440 satis
608 4374 825 4460 improbabile
847 4376 906 4455 ait,
929 4384 996 4439 tum
1019 4372 1189 4439 modorum
1204 4373 1308 4458 signis
1323 4395 1397 4439 cum
1412 4373 1523 4438 verbis
1545 4374 1725 4439 carminum

279 4475 408 4542 collatis
431 4486 569 4564 apparet
589 4477 653 4541 nisi
676 4475 839 4563 syllabam
861 4486 990 4542 acutam
1013 4475 1203 4542 intentionis
1233 4467 1310 4541 nota
1338 4498 1402 4540 non
1430 4473 1620 4560 insignitam
1643 4495 1725 4540 esse.

278 4599 344 4642 uuo
367 4578 516 4666 exemplo
538 4589 576 4643 ut
596 4576 683 4642 hano
704 4599 772 4643 rem
795 4576 971 4659 illustrem,
994 4582 1222 4664 tropariorum,
1246 4597 1329 4664 quae
1351 4576 1504 4642 carminis
1520 4578 1585 4658 Τὴν
1609 4577 1726 4657 ὡραιό-

279 4701 358 4760 τητα
380 4680 526 4744 modulos
555 4690 736 4764 sequuntur
764 4677 857 4765 (vide
879 4700 911 4764 p.
933 4677 1005 4760 56),
1035 4679 1156 4764 primos
1183 4699 1298 4744 versus
1327 4679 1373 4744 ita
1399 4677 1453 4743 hie
1480 4699 1660 4764 apponam,
1690 4688 1727 4742 ut

280 4779 425 4868 syllabas
448 4790 525 4844 nota
547 4790 695 4868 petastae
717 4781 891 4845 instructas
914 4779 1139 4865 pinguioribus
1162 4779 1266 4846 literis
1289 4779 1522 4846 exscribendas
1544 4801 1672 4844 curem:
