3800 5474
260 402 299 457 vr
536 381 540 388 '
875 401 1087 456 ermanno.

261 548 404 614 Davidis
436 548 633 633 psalmorum
668 548 824 632 grandem
861 547 1094 613 sublimitatem
1129 535 1377 613 venerabundus
1414 549 1572 627 admiror,
1605 573 1710 637 neque

262 649 367 717 latina
392 659 506 714 nostra
534 650 677 714 carmina
705 648 927 715 ecclesiastica
955 648 1104 715 ultimum
1132 649 1237 714 locum
1266 651 1352 714 intcr
1379 649 1575 736 multiplices
1603 651 1712 716 Musa-

263 775 335 817 rum
362 752 469 816 foetus
497 751 644 816 obtinere
670 751 790 817 iudico.
833 752 880 815 At
907 749 1053 834 homines
1081 750 1251 838 byzantini
1274 761 1311 817 ut
1333 755 1366 817 in
1388 751 1522 840 reliquis
1544 753 1633 819 vitae
1655 754 1712 817 hu-

264 875 379 918 manae
407 851 538 935 studiis,
568 852 616 918 sio
642 853 677 917 in
704 851 765 918 hoe
795 873 923 939 quoque
951 851 1121 918 literarum
1154 873 1273 936 genere
1306 853 1517 919 artificiosam
1551 855 1714 940 quandam

266 953 481 1021 subtilitatem
505 953 733 1039 potiusquam
758 975 853 1018 veros
876 953 976 1018 animi
998 952 1133 1024 affectus
1157 955 1393 1039 sequebantur,
1417 977 1480 1040 quo
1504 955 1627 1021 factum
1655 965 1715 1038 est,

265 1064 303 1120 ut
324 1055 471 1143 plerique
493 1053 626 1136 melodi,
648 1077 721 1120 cum
744 1054 855 1119 divino
871 1053 986 1119 afflatu
1008 1064 1040 1119 et
1061 1063 1175 1140 gratae
1198 1054 1416 1142 simplicitatis
1439 1078 1536 1121 sensu
1558 1066 1717 1139 carerent,

267 1156 526 1243 theologicarum
558 1158 704 1222 rixarum
737 1157 849 1243 spinas
883 1165 980 1243 atquc
1014 1157 1158 1241 argutias
1192 1157 1260 1222 suis
1296 1149 1494 1224 carminibus
1525 1160 1718 1222 intexerent·

268 1259 408 1325 Accedit
430 1257 517 1344 quod
539 1279 678 1324 canones
686 1308 695 1340 ,
718 1279 782 1344 quo
798 1257 911 1344 hymni
928 1279 1047 1342 genere
1061 1257 1142 1322 nulli
1157 1260 1263 1343 magis
1279 1257 1465 1340 studebant,
1482 1269 1513 1324 et
1528 1257 1720 1344 prolixiores

270 1373 303 1426 et
330 1369 469 1446 angusto
497 1355 730 1425 sententiarum
760 1359 837 1423 orbe
866 1358 983 1424 inclusi
1011 1370 1102 1441 sunt,
1130 1360 1216 1424 unde
1243 1383 1305 1425 usu
1333 1361 1440 1441 venit,
1469 1369 1506 1424 ut
1533 1370 1565 1424 et
1587 1361 1722 1426 eaedem

269 1484 322 1526 res
344 1485 448 1550 usquc
470 1461 513 1526 ad
536 1462 720 1528 satietatem
742 1470 890 1528 resectae
919 1461 1062 1526 taedium
1090 1462 1199 1527 animo
1227 1471 1381 1527 moveant
1403 1472 1435 1526 et
1457 1483 1630 1548 compages
1652 1478 1721 1528 car·

272 1564 395 1629 minum
429 1562 656 1649 plerorumque
689 1563 804 1629 alienis
833 1563 1001 1628 sententiis
1030 1561 1184 1628 admixtis
1214 1561 1512 1653 turpiterlaxatae
1541 1563 1722 1630 dehiscant.

269 1665 476 1752 Quamquam
498 1666 599 1750 igitur
620 1666 706 1730 inter
721 1664 902 1751 byzantina
916 1665 1061 1729 carmina
1076 1686 1141 1729 non
1157 1662 1306 1745 deerant,
1329 1686 1413 1752 quae
1436 1676 1468 1730 et
1490 1666 1720 1731 sententiarum

250 1766 434 1851 gravitate
456 1778 489 1832 ot
510 1768 679 1832 modorum
711 1765 883 1832 dulcedine
906 1786 956 1829 me
979 1788 1075 1852 quam
1105 1769 1247 1832 maxime
1269 1775 1401 1850 captum
1424 1775 1585 1846 tenerent,
1613 1776 1721 1831 tamen

268 1864 370 1932 multo
394 1867 497 1932 maior
519 1889 595 1954 pars
618 1866 845 1932 idiomelorum
867 1876 900 1932 et
922 1888 1081 1931 canonum
1110 1867 1255 1931 animum
1277 1867 1323 1932 ita
1345 1865 1566 1953 defatigabat,
1589 1855 1721 1954 utplus

269 1968 369 2033 semel
405 1990 486 2033 onus
522 1969 755 2052 gravissimum
792 1969 872 2034 meis
909 1968 1093 2033 cervicibus
1129 1969 1317 2055 impositum
1353 1981 1506 2035 excutere
1535 1970 1719 2054 cogitarem.

269 2063 393 2136 Contra
434 2092 560 2136 meeum
603 2071 811 2156 reputabam,
856 2069 953 2156 quani
995 2079 1089 2155 turpe
1126 2079 1213 2135 esset
1248 2091 1334 2153 rem,
1377 2092 1442 2156 qua
1482 2069 1594 2135 literas
1633 2070 1720 2136 haud

267 2171 475 2237 mediocriter
507 2193 559 2236 me
588 2180 811 2256 promoturum
844 2163 1018 2257 multisque
1051 2180 1178 2256 gratam
1211 2193 1342 2258 operam
1375 2181 1617 2258 praestaturum
1649 2193 1720 2238 esse

267 2273 408 2338 confisus
433 2295 540 2355 eram,
569 2273 703 2338 fastidio
731 2273 872 2358 quodam
894 2273 994 2337 animi
1022 2270 1263 2359 derelinquere3
1297 2295 1356 2338 nec
1377 2294 1443 2338 non
1466 2273 1643 2339 amicorum
1664 2274 1719 2339 ad-

267 2374 465 2440 hortationes
482 2384 580 2462 atque
595 2375 762 2440 indefessa
784 2375 863 2440 socii
887 2375 949 2438 mei
964 2374 1142 2439 Paranicae
1164 2374 1326 2440 industria
1349 2375 1494 2440 animum
1516 2374 1719 2440 deficientem

267 2475 374 2542 denuo
405 2476 577 2562 erigebant
598 2485 631 2541 et
653 2475 876 2541 stimulabant.
922 2476 991 2558 En,
1024 2475 1183 2540 benevole
1212 2475 1330 2559 lector,
1359 2474 1400 2541 ad
1429 2475 1619 2541 umbilicum
1647 2498 1719 2563 per-

267 2577 401 2642 ductum
416 2571 551 2660 librum,
575 2599 638 2665 quo
654 2577 824 2644 thesauros
841 2599 945 2663 paene
960 2576 1145 2643 reconditos
1167 2578 1275 2664 poesis
1298 2577 1495 2663 byzuntinae
1517 2576 1718 2658 seclusimus,

267 2677 463 2764 singularem
492 2677 656 2766 quandam
685 2701 799 2745 versas
827 2678 970 2745 faciendi
1000 2687 1102 2744 artem
1131 2679 1333 2764 aperuimus,
1367 2677 1485 2743 multas
1514 2679 1718 2766 quaestiones

266 2780 307 2845 de
329 2782 503 2866 generibus
533 2779 825 2848 ecclesiastieorum
853 2781 1034 2846 carminum
1061 2801 1237 2866 eorumque
1259 2777 1447 2845 auctoribus
1470 2778 1718 2862 illustravimus,
1761 2777 1765 2786 ’

266 2881 406 2969 denique
426 2883 529 2948 falsas
552 2884 721 2969 opiniones
743 2882 831 2948 haud
854 2905 976 2969 paucas
999 2882 1196 2946 removimus
1219 2890 1317 2967 atqua
1338 2882 1577 2966 redarguimus.

351 2983 546 3070 Priusquam
575 2993 683 3050 autem
713 2982 936 3071 procamiandi
965 2983 1061 3046 finem
1089 2983 1227 3064 faciam,
1256 2984 1296 3048 de
1325 2982 1451 3050 ambitu
1479 2983 1576 3048 huius
1605 2983 1718 3049 antho-

266 3085 390 3169 logiae,
414 3083 455 3150 dc
477 3087 600 3151 criticis
623 3086 796 3167 subsidiis,
826 3085 867 3150 de
890 3085 1131 3150 commentariis
1155 3094 1186 3149 et
1208 3083 1373 3150 indicibus
1395 3105 1502 3171 pauca
1523 3084 1604 3149 mihi
1626 3105 1717 3172 praa·

267 3185 431 3253 monenda
458 3209 529 3252 esse
558 3187 666 3252 video.
711 3188 822 3272 Atque
850 3187 989 3271 primum
1017 3186 1150 3273 quidem
1178 3187 1262 3253 banc
1291 3184 1510 3271 anthologiam
1540 3207 1607 3251 non
1632 3188 1719 3252 intra

267 3287 347 3352 fines
364 3287 536 3375 byzantini
558 3289 686 3376 imperii
708 3309 868 3370 coercere,
892 3289 949 3353 scd
972 3297 1084 3353 vetera
1106 3290 1253 3353 earmina
1274 3287 1453 3354 christiana
1475 3288 1616 3354 adiicere
1640 3286 1719 3352 mihi

266 3390 373 3455 visum
389 3400 448 3455 est.
487 3390 693 3478 Quamquam
710 3391 795 3455 enim
818 3389 1062 3477 quaestionibus
1085 3389 1126 3455 de
1149 3389 1336 3476 byzantinis
1360 3389 1489 3476 hymnis
1511 3389 1718 3476 pertractatis

266 3491 418 3557 adhunc
445 3491 565 3558 librum
597 3466 867 3558 conieribendum
897 3491 1032 3557 adducti
1060 3515 1205 3574 eramus,
1234 3500 1342 3557 tamen
1370 3489 1538 3579 praeclara
1564 3489 1624 3556 illa
1651 3513 1717 3556 mo-

265 3603 419 3658 numenta
441 3594 562 3658 veteris
591 3594 699 3679 poesis
727 3593 927 3659 christianae
950 3617 987 3659 eo
1010 3595 1116 3659 minus
1144 3592 1350 3659 excludenda
1372 3593 1544 3675 duximus,
1572 3614 1636 3678 quo
1664 3613 1717 3656 ao·

266 3695 441 3780 ceptiorem
464 3695 546 3759 viris
569 3695 674 3760 doctis
698 3693 898 3759 commodam
921 3717 1033 3760 eorum
1056 3694 1231 3762 editionem
1247 3696 1391 3762 futuram
1407 3715 1478 3760 esse
1493 3691 1716 3779 sperabamus.

266 3795 416 3880 Namque
436 3793 521 3861 liber
542 3795 766 3877 Boissonadii,
795 3797 850 3882 qui
878 3795 1010 3881 Syncsii
1031 3797 1169 3883 hymnos
1192 3807 1225 3862 et
1247 3796 1400 3882 Gregorii
1423 3796 1502 3862 odas
1525 3794 1660 3860 selectas
1683 3797 1718 3860 in

199 3941 201 3944 ψ
266 3897 379 3982 quinto
402 3898 527 3962 decimo
550 3908 636 3964 tomo
658 3897 832 3962 Poetarum
860 3919 1051 3983 graccorum
1073 3898 1216 3985 sylloges
1239 3898 1357 3979 edidit,
1380 3897 1506 3962 dudum
1530 3895 1717 3962 divenditus

266 4006 332 4079 est,
365 4007 399 4064 et
420 3997 570 4064 Danielis
598 3998 785 4064 Thesaurus
818 3999 1065 4087 hymnologieus
1095 4002 1242 4088 Synesii,
1270 3999 1445 4079 Methodii,
1474 3998 1716 4064 Naassenorum

265 4101 465 4165 carminibus
494 4109 593 4165 caret.
638 4101 823 4187 Byzantina
851 4123 929 4167 vero
958 4112 1046 4168 aetas
1075 4125 1149 4168 eum
1178 4101 1411 4168 ecclesiasticis
1440 4098 1577 4164 melodis
1606 4100 1716 4167 fecun-

266 4201 403 4267 dissima
424 4202 559 4284 fuisset,
582 4224 641 4265 nos
664 4223 702 4266 ea
725 4205 927 4288 potissimum
949 4206 1095 4269 carmina
1117 4205 1310 4290 selegimus,
1333 4225 1417 4292 quac
1439 4222 1556 4288 graeca
1578 4202 1718 4268 ecclesia

265 4304 299 4368 iu
332 4302 523 4370 Officiorum
558 4302 657 4368 libros
690 4316 858 4391 receperat
884 4315 917 4371 et
944 4329 1004 4371 sua
1032 4307 1127 4393 quasi
1161 4307 1355 4372 auctoritate
1387 4312 1551 4369 sanxerat.
1601 4303 1716 4390 Neque

265 4403 369 4469 solum
402 4402 626 4470 ecclesiastica
656 4408 800 4472 earmina
831 4406 892 4473 hoc
925 4407 1008 4474 libro
1043 4407 1170 4472 edenda
1201 4407 1403 4488 curavimus,
1438 4405 1496 4470 sed
1525 4406 1622 4470 etiam
1651 4405 1717 4470 alia

264 4505 443 4593 quaedam,
472 4529 572 4592 quae,
600 4528 673 4573 cum
697 4531 872 4596 numquam
894 4508 929 4574 in
951 4509 1098 4575 coetibus
1121 4509 1288 4574 hominum
1310 4509 1563 4574 christianorum
1585 4515 1717 4572 cantata

265 4616 391 4690 essent,
425 4617 534 4674 tamen
561 4609 604 4674 ad
632 4632 740 4675 sacras
768 4633 820 4676 res
849 4619 881 4675 et
908 4610 951 4674 ad
978 4609 1161 4676 doctrinam
1195 4611 1406 4675 christianam
1434 4609 1597 4696 pertinere
1625 4608 1715 4673 vide·

265 4709 400 4794 bantur,
431 4711 551 4797 quain
573 4732 608 4776 re
631 4732 762 4795 vereor,
793 4734 834 4776 ne
860 4715 895 4777 in
917 4713 1158 4778 criminationes
1181 4721 1278 4798 atque
1301 4710 1479 4776 calumnias
1503 4733 1613 4775 eorum
1635 4712 1715 4777 inci-

265 4811 397 4894 damus,
430 4813 488 4900 qui
515 4812 751 4879 haereticorum
780 4835 908 4905 quoque
935 4815 1176 4882 Naasseuorum
1206 4814 1331 4904 psalmo
1359 4823 1391 4878 et
1412 4813 1545 4899 Synesii
1574 4813 1714 4898 hymnis,
