3800 5474
284 363 349 419 XlV
869 362 1151 419 Paonaconaun.

283 511 342 577 τὸν
366 510 582 591 (υρακούςιον
610 513 752 592 μιμεῖται.
803 509 900 576 οὗτος
932 512 995 592 γὰρ
1028 512 1128 591 μόνος
1155 517 1300 591 ποιητῶν
1329 511 1458 592 ῥυθμοῖς
1486 533 1520 578 τε
1548 515 1598 578 καὶ
1625 515 1741 581 κώλοις

284 611 439 692 ἐχρήςατο
462 616 625 693 ποιητικῆς
648 612 823 690 ἀναλογία(
845 614 1103 694 καταφρονήςας’
1120 613 1161 676 ad
1179 611 1381 698 Sophronam
1398 613 1641 700 Syracusanum
1655 617 1735 682 rele-

284 713 421 777 rendum
450 734 520 777 esse
548 711 674 778 collatis
697 713 819 778 Suidae
846 714 1041 779 testimoniis
1070 713 1112 778 de
1134 713 1315 800 Sophronis
1338 715 1443 779 mimis
1466 716 1606 799 (ἔγραψε
1629 719 1740 800 μίμους

284 815 452 894 ἀνδρείους
481 817 532 879 καὶ
558 815 912 897 μίμουςγυναικείους,
936 816 991 882 elci
1013 817 1048 880 δὲ
1070 814 1309 898 καταλογάδην)
1332 824 1366 879 et
1387 815 1519 881 Ioannis
1542 817 1740 893 Damasceni

284 917 462 981 canonibus
491 915 634 1001 pedestri
663 918 809 981 oratione
830 917 1082 1000 (καταλογάδην)
1105 918 1297 1002 conscriptis
1329 915 1450 981 dudum
1480 941 1500 983 a
1526 919 1606 984 viris
1634 921 1739 986 doctis

284 1016 484 1082 intellectum
512 1028 576 1100 est3
605 1018 690 1082 conf.
721 1018 913 1105 Bernhardy
937 1016 1206 1096 Grundrissder
1233 1019 1356 1103 griech.
1379 1018 1457 1083 Litt.
1482 1018 1533 1101 11,
1557 1021 1629 1089 909.
1673 1022 1739 1087 Sed

283 1111 402 1204 qbibus
430 1117 561 1184 tandem
589 1118 733 1184 numeris
756 1121 954 1204 Gregorius,
983 1117 1161 1206 Sophronis
1191 1119 1348 1200 imitator,
1376 1121 1409 1183 in
1432 1119 1494 1185 hac
1516 1122 1661 1188 oratione
1683 1143 1737 1188 ex-

283 1217 448 1284 hortativa
481 1243 559 1284 usus
592 1223 665 1286 est‘?
715 1219 769 1286 Ad
804 1221 887 1286 hanc
915 1241 984 1284 rem
1012 1219 1248 1306 expediendam
1276 1220 1375 1286 editio
1405 1220 1547 1287 Billiana
1574 1231 1606 1288 et
1635 1224 1738 1289 codex

283 1321 382 1386 Vind.
411 1322 441 1386 V
470 1331 618 1386 mutuum
647 1323 806 1386 auxilium
834 1323 1071 1409 praebuerunt,
1107 1343 1244 1408 quorum
1272 1320 1341 1405 hic,
1376 1323 1431 1408 qui
1459 1323 1544 1387 inter
1570 1323 1738 1410 pedestres

283 1423 448 1488 orationes
478 1421 631 1509 Gregorii
665 1423 749 1489 hanc
781 1445 909 1512 quoque
939 1422 1157 1510 rhythmicam
1184 1425 1367 1488 orationem
1395 1432 1563 1488 exaratam
1592 1426 1736 1510 exhibet,

283 1524 355 1588 cola
387 1526 458 1588 sive
491 1525 636 1589 membra
669 1525 824 1590 orationis
859 1527 989 1611 punctis
1022 1525 1201 1590 interiectis
1234 1524 1401 1606 distinxit,
1440 1523 1514 1608 illa,
1555 1548 1628 1592 cum
1666 1529 1738 1593 cola

282 1623 450 1711 neglegat,
481 1647 596 1692 versus
624 1628 695 1692 sive
723 1628 876 1713 periodos
905 1636 1052 1714 separat,
1082 1627 1286 1692 consentiens
1314 1627 1348 1690 iu
1375 1624 1436 1690 hac
1463 1647 1594 1692 recum
1619 1629 1737 1694 Cosma

282 1728 469 1814 interprete,
492 1727 603 1813 quiin
626 1730 867 1794 commentariis
889 1751 990 1814 supra
1011 1729 1270 1794 commemoratis
1294 1727 1383 1792 inter
1403 1729 1579 1809 Γρηγορίου
1600 1730 1736 1811 ἔμμετρα

282 1827 379 1894 huius
412 1849 541 1916 quoque
574 1831 730 1895 orationis
763 1829 887 1916 aliquot
914 1851 1029 1896 versus
1058 1829 1186 1913 laudat3
1219 1851 1282 1916 quo
1310 1851 1385 1894 cum
1412 1830 1548 1895 accedat
1575 1833 1737 1896 sententia

283 1931 353 1994 fere
375 1941 449 2017 post
471 1929 607 1996 alterum
630 1930 782 2018 quodque
804 1931 911 1996 colum
934 1931 1039 2014 linita,
1062 1932 1241 1996 orationem
1264 1953 1306 1996 ex
1329 1931 1478 1996 versibus
1501 1932 1570 1996 sive
1592 1933 1735 2018 periodis

285 2032 434 2097 binorum
457 2031 600 2098 colorum
623 2032 835 2119 compositam
858 2054 930 2096 esse
952 2041 1052 2119 patet.
1091 2032 1247 2118 Singulae
1262 2041 1369 2097 autem
1386 2033 1510 2120 periodi
1526 2055 1600 2098 cum
1615 2034 1737 2100 multae

283 2155 324 2197 ex
348 2134 519 2220 quindenis
543 2144 599 2199 aut
621 2134 673 2200 bis
696 2136 820 2199 octonis
844 2133 979 2221 syllabis
1002 2143 1168 2216 constent,
1192 2133 1405 2200 Lambeccius
1429 2135 1464 2198 in
1486 2134 1735 2200 Commentariis

283 2235 324 2300 de
350 2234 550 2301 bibliotheca
578 2235 735 2300 Caesarie
756 2235 826 2317 ΙΙΙ,
852 2236 910 2300 181
939 2235 980 2301 de
1008 2236 1159 2302 versibus
1187 2237 1383 2300 tetrametris
1411 2237 1587 2321 cogitavit,
1616 2238 1735 2325 quibus

283 2335 381 2424 paulo
413 2348 489 2402 ante
524 2335 719 2422 Gregorium
754 2339 852 2402 etiam
880 2337 1081 2404 Methodium
1114 2337 1303 2424 episcopum
1340 2338 1372 2402 in
1406 2337 1549 2404 carmine
1583 2337 1735 2424 virginali

282 2461 377 2502 usum
407 2461 480 2505 esse
506 2440 591 2503 infra
621 2438 924 2504 demonstrabimus.
969 2441 1015 2505 At
1042 2439 1118 2505 huic
1147 2440 1327 2504 sententiae
1349 2461 1390 2504 ne
1411 2438 1573 2505 calculum
1602 2440 1731 2504 adiicia-

283 2562 367 2622 mus,
390 2541 493 2605 maior
515 2563 668 2606 versuum
691 2562 767 2626 pars
790 2539 959 2606 obstaculo
982 2551 1046 2623 est,
1069 2543 1141 2628 qui,
1170 2563 1243 2606 cum
1267 2542 1316 2606 bis
1338 2542 1481 2626 septenis
1503 2540 1639 2628 syllabis
1663 2564 1734 2606 cou-

282 2650 387 2724 stent,
415 2644 613 2706 tetrametris
642 2651 674 2706 et
703 2640 900 2708 catalecticis
923 2651 955 2707 et
977 2643 1195 2709 acatalecticis
1217 2642 1383 2707 breviores
1405 2651 1492 2708 sunt.
1537 2643 1633 2708 Nullo
1656 2666 1733 2708 vero

282 2742 378 2808 modo
404 2745 438 2807 in
463 2744 589 2810 metrici
612 2764 725 2808 versus
751 2743 839 2830 leges
863 2745 965 2810 verba
987 2743 1084 2810 huius
1106 2743 1264 2809 orationis
1293 2743 1367 2828 cogi
1394 2755 1547 2830 possunt,
1576 2745 1677 2828 unde,
1706 2745 1732 2809 si

183 2915 184 2918 γ
282 2866 346 2930 qua
369 2843 442 2929 lege
464 2846 567 2911 oratio
590 2846 701 2910 vincta
723 2856 783 2928 cst,
807 2855 954 2931 accentu,
976 2868 1042 2911 nou
1064 2847 1246 2932 quantitate
1268 2843 1468 2931 syllabarum
1491 2868 1641 2910 numeros
1664 2848 1732 2932 regi

282 2956 409 3011 statuas
432 2968 563 3011 neeesse
585 2957 645 3012 est.
689 2947 764 3012 Jam
787 2949 814 3012 si
837 2947 1026 3012 accentibus
1049 2945 1188 3011 ducibus
1211 2945 1398 3032 rhythmum
1421 2949 1623 3032 singulorum
1651 2949 1733 3013 colo·

282 3069 353 3111 rum
376 3057 408 3112 et
431 3069 583 3113 versuum
607 3049 741 3113 delinire
769 3051 910 3130 coneris,
939 3070 1003 3113 nou
1026 3070 1136 3112 omnes
1161 3069 1274 3114 versus
1297 3046 1413 3112 iisdem
1435 3052 1578 3114 numeris
1600 3051 1732 3132 includi,

283 3149 339 3213 sed
363 3149 429 3213 alia
450 3146 521 3214 colu
542 3149 766 3234 iambicos-um,
791 3149 856 3214 alia
877 3150 1123 3234 dactylicarum,
1147 3149 1212 3213 alia
1233 3159 1266 3215 et
1288 3149 1383 3234 longe
1406 3148 1546 3235 plurima
1567 3151 1733 3236 logaoedi·

282 3271 394 3315 corum
422 3251 655 3318 versiculorum
683 3255 824 3337 speciem
852 3250 972 3317 imitari
1001 3248 1192 3336 intellegas,
1221 3273 1317 3337 quam
1346 3251 1477 3338 quidem
1504 3275 1572 3318 rem
1600 3277 1672 3319 cum
1700 3257 1732 3319 in

281 3352 431 3416 omnibus
455 3351 599 3438 periodis
621 3354 771 3440 persequi
795 3352 925 3438 longum
948 3354 1007 3434 sit,
1030 3352 1081 3417 his
1105 3354 1217 3439 paucis
1241 3354 1397 3440 exernplis
1420 3355 1631 3442 comprobare
1655 3357 1732 3420 milri

283 3457 387 3519 visum
410 3464 473 3520 est:

463 4152 494 4192 v.
519 4132 560 4194 70
582 4131 622 4196 οὐ
644 4132 763 4198 πάντες
785 4133 900 4214 ἄνδρες
922 4137 979 4215 τὴν
1002 4137 1058 4215 ςὴν
1080 4135 1245 4214 ἁπλότητα
1267 4139 1411 4214 χωροῡςι.

686 4285 922 4307 „„„„„„„
941 4255 944 4320 l
964 4285 982 4306 ..
999 4297 1018 4307 -
1037 4288 1055 4306 .
1071 4295 1089 4305 -
1107 4287 1124 4305 .
1142 4297 1162 4305 „
1179 4289 1197 4306 .

485 4375 516 4415 ν.
540 4353 560 4416 3
581 4352 636 4417 ἵνα
659 4355 788 4434 λαμπρὰ
810 4362 855 4440 τῷ
879 4359 1014 4439 λαμπρῷ
1038 4356 1168 4439 ςυζήςης
1189 4355 1248 4420 τὸν
1270 4355 1382 4421 αἰῶνα.

464 4474 495 4515 v.
518 4453 561 4517 22
581 4455 700 4536 ταύτην
722 4459 773 4522 καὶ
794 4458 867 4522 τότε
890 4459 1012 4535 καιροῖς
1034 4455 1149 4535 ἐτίμων
1170 4459 1240 4521 τοῖς
1262 4457 1412 4522 εὐθέτοις.

462 4575 493 4618 v.
517 4555 620 4636 64μὴ
642 4558 759 4637 παρειὰ
780 4561 926 4638 παρειαῖς
948 4557 1065 4623 διδότω
1087 4559 1272 4638 παρρηςίαν.

464 4798 492 4841 ν.
516 4775 556 4841 88
578 4779 714 4844 Παῦλον
737 4781 899 4845 πεινῶντα
921 4780 980 4846 τὸν
1002 4778 1104 4861 μέγαν
1127 4779 1177 4842 καῖ
1200 4779 1352 4858 ῥιγοῦντα
1374 4781 1555 4860 προθύμως.
