3886 5480
341 381 406 435 ΜΒ.
422 381 469 435 111.
490 380 538 434 DE
554 377 779 434 RHYTHMIOIS
795 376 946 432 LEGIBUS
962 375 1161 430 CARMINUM
1175 373 1476 430 BYZANTINORUM.
1563 371 1636 426 CVII

664 526 832 605 Ῥωμανοῡ
855 525 1024 590 κοντάκιον
1048 544 1079 607 p.
1104 520 1163 585 90:

477 851 513 915 Ἡ
537 851 697 929 παρθένοι
719 849 855 927 τήμερον
880 844 884 931 Ι
908 848 965 912 τὸν
989 846 1183 925 ὑπερούτιον
1206 845 1315 922 τίκτει,

477 953 568 1030 καὶὴ
591 955 630 1029 γῆ
654 953 691 1017 τὸ
714 951 870 1029 τπήλαιον
895 949 899 1032 Ι
921 955 968 1034 τῷ
992 947 1153 1032 ἀποοτίτῳ
1176 946 1338 1026 προτὰγει.

706 1136 927 1202 Ἀπολυτίκιον
950 1134 985 1198 ΙΙ
1007 1157 1039 1220 p.
1063 1132 1120 1198 88:

276 1259 315 1323 Οἱ
337 1264 404 1324 τῶν
426 1257 618 1324 ἀποττόλων
641 1254 866 1335 πρωτόθρονοι

274 1363 326 1425 καὶ
347 1365 403 1440 τῆ(
425 1360 613 1439 οἰκουμένη(
635 1357 829 1424 διδὰτκαλοι.

724 1545 860 1623 Κάθιτμα
882 1540 966 1606 VIII
987 1564 1020 1626 p.
1043 1538 1101 1604 62:

418 1889 424 1910 “
478 1886 586 1952 καὶέν
608 1885 759 1961 ἀγκάλαι(
781 1884 870 1963 ἔτχετ
893 1881 898 1967 Ι
920 1883 979 1950 τὸν
1002 1882 1107 1948 πάντα
1129 1879 1320 1959 τονέχοντα,

477 1987 536 2054 τὸν
557 1986 764 2067 τροφοδότην
787 1985 920 2052 πάντων
944 1983 947 2070 Ι
971 1987 1023 2050 καὶ
1045 1984 1185 2062 πλάττην
1208 1981 1258 2046 καὶ
1281 1981 1401 2062 κύριον.

660 2179 667 2186 “
749 2173 886 2252 Κάθιτμα
907 2169 957 2234 VI
978 2193 1010 2255 p.
1026 2170 1082 2234 60:

278 2295 377 2374 βάτον
400 2294 436 2359 ἐν
458 2294 534 2372 πυρὶ
556 2292 809 2373 ἀκατάφλεκτον,

279 2395 400 2475 ῥάβδον
422 2396 547 2473 Ἀαρὼν
569 2395 627 2472 τήν
651 2395 876 2473 βλαττήταεαν.

708 2577 896 2659 Προτόμοια
917 2576 985 2641 VII
1005 2601 1037 2663 p.
1063 2576 1117 2641 72:

193 2701 269 2766 Ὅτε
291 2702 329 2765 τὸ
352 2702 493 2778 ἐπίγειον
517 2701 521 2784 Ι
545 2699 656 2766 τκότοτ
679 2699 846 2780 ἠμαύρωτε

233 2804 310 2867 τοὺ(
332 2801 523 2882 ὀφθαλμούς
545 2807 683 2867 copiosi
706 2801 859 2880 (maroc,

343 2907 399 2982 τῆ(
421 2902 564 2983 &tepefiat

177 3043 180 3051 ι
235 3009 423 3084 οημοτιεῦον
447 3003 451 3089 Ι
474 3006 532 3084 τὴν
555 3003 817 3082 τκυθρωπότητα,

192 3108 265 3172 τότε
286 3107 325 3172 τὸ
348 3106 503 3186 οὐράνιον
526 3107 531 3190 Ι
554 3113 627 3187 φῶ(
650 3105 864 3184 περιήττραψε

237 3211 291 3286 τῆς
314 3210 457 3274 διανοίαε
479 3210 518 3274 τὰ
540 3207 678 3288 ὄμματα,

345 3314 401 3389 τῆε
423 3310 581 3391 εὐτεβείατ

237 3411 464 3477 ἀνακαλύπτον
488 3411 492 3495 Ι
516 3413 573 3490 τήν
597 3410 786 3489 ὡραιότητα.

646 3594 840 3680 Troparium
860 3595 895 3659 in
917 3594 1028 3659 'l'riod.
1051 3617 1083 3680 p.
1105 3594 1182 3659 356:

481 3919 646 3998 Maximo(
669 3919 688 3982 ὁ
712 3921 845 3993 δοῦλοι,
870 3917 874 3998 Ι
898 3919 937 3983 ὃν
959 3918 1083 3996 εὑρήτει
1105 3923 1343 3998 γρηγοροῦντα,

479 4019 609 4087 ἀνάξιοι
631 4021 668 4085 δὲ
690 4019 796 4096 πάλιν,
821 4017 825 4103 Ι
849 4019 888 4085 ὃν
910 4019 1034 4100 εὑρήτει
1056 4019 1269 4104 ῥᾳθυμοῦντα
1321 4105 1326 4112 ·

280 4189 390 4274 Atque
412 4187 492 4252 haec
513 4188 644 4274 quidem
667 4185 846 4253 similitudo
869 4209 1021 4252 versuum
1043 4209 1107 4253 non
1130 4197 1195 4251 tam
1217 4187 1258 4252 de
1282 4209 1400 4272 graeco
1423 4189 1524 4271 fonte,
1546 4209 1642 4272 quam

192 4287 234 4354 do
256 4289 482 4355 hebraicorum
503 4291 703 4355 canticorum
725 4287 960 4376 parallelismo‚
983 4310 1080 4374 quem
1102 4288 1230 4368 dicunt,
1259 4287 1440 4354 derivanda
1462 4309 1533 4353 esso
1554 4289 1643 4352 vide·

193 4400 257 4455 tur.
301 4390 341 4454 In
367 4392 432 4455 fine
460 4413 538 4456 vero
567 4390 664 4456 huius
695 4390 788 4472 libri,
821 4398 859 4454 ut
886 4410 969 4475 quoe
998 4389 1039 4454 do
1067 4401 1137 4454 arte
1164 4389 1416 4476 byzantinorum
1444 4389 1644 4453 melodorum

193 4502 427 4556 commentatus
452 4514 539 4572 sum,
572 4513 643 4556 meo
666 4489 814 4578 exemplo
836 4490 1053 4576 comprobem,
1077 4492 1201 4576 aliquot
1222 4491 1368 4557 carmina
1389 4492 1422 4555 in
1444 4489 1644 4555 theodiscam

193 4591 339 4678 linguam
368 4594 511 4659 numeris
538 4596 648 4679 graeci
676 4592 873 4678 exemplaris
908 4592 1047 4656 servatis
1087 4615 1243 4658 conversa
1276 4615 1470 4679 proponam,
1499 4614 1583 4678 quae
1616 4593 1644 4656 si
1696 4619 1701 4628 ·

192 4695 247 4759 oui
283 4696 420 4760 recitata
454 4695 560 4760 minus
597 4716 768 4760 numeroso
804 4693 922 4758 cadere
951 4692 1114 4776 videntur,
1151 4701 1282 4759 cantata
1318 4694 1427 4759 nescio
1460 4717 1503 4758 an
1539 4694 1643 4777 magis

192 4796 354 4883 placeant.
