3800 5474
516 415 583 472 LIB.
598 412 621 472 Ι.
650 416 697 470 DE
713 415 841 472 POETIS
857 415 1086 472 CHRISTIANIS
1102 416 1265 473 GRAECIS.
1538 417 1617 475 XVII

162 561 294 644 damus,
317 562 508 646 gravissimi
530 563 704 649 scriptores
727 563 929 630 Athanasius
951 565 1003 630 De
1025 563 1104 649 fuga
1125 565 1179 646 24,
1201 564 1266 630 265
1287 564 1336 647 A,
1362 563 1616 652 chrysostomus

161 663 286 749 Hirpos.
308 664 343 727 in
365 663 526 750 psalmum
547 665 586 728 41
611 674 635 733 t.
658 663 688 728 V
709 687 742 752 p.
767 666 824 731 131
849 665 894 747 Β,
922 664 1148 732 Theodoretus
1172 664 1261 734 Hist.
1284 665 1361 730 cccl.
1383 665 1436 748 ΙΙ,
1461 667 1500 731 13
1524 665 1617 750 (vide

162 763 248 828 Buhl
271 763 351 830 ‘Der
372 765 645 851 Kircbcngesang
665 767 701 830 in
724 767 782 832 der
803 765 1029 852 griechischen
1049 767 1172 832 Kirche
1194 766 1245 831 bis
1269 789 1328 831 zur
1343 766 1418 833 Zeit
1440 767 1497 832 des
1514 768 1617 854 Chry-
1710 777 1715 788 '

161 876 335 932 sostomos’
358 867 393 930 in
415 867 473 932 der
495 867 688 934 Zeitschrift
710 867 764 934 tur
784 869 899 934 histor.
922 867 1034 933 Theol.
1052 868 1184 950 XVIII,
1210 867 1281 934 190.
1309 869 1381 955 198)
1406 869 1529 952 eodem,
1553 892 1617 956 quo

162 965 349 1034 Methodius
373 969 491 1052 utitur,
514 971 644 1035 nomine
667 971 811 1050 brusch(
833 992 965 1037 varmum
987 993 1008 1036 a
1029 979 1097 1037 toto
1122 978 1216 1036 coetu
1239 979 1509 1060 congregatorum
1532 971 1616 1036 chri-

161 1070 341 1135 stianorum
362 1071 534 1137 recitatum
555 1082 747 1158 nuncupant
768 1082 801 1138 et
823 1072 967 1160 p'salmo,
996 1095 1092 1160 quem
1121 1071 1209 1138 solus
1237 1081 1430 1158 praecentor
1451 1073 1616 1155 cantabat,

161 1173 357 1236 contrariam
380 1183 516 1260 ponunt.

246 1272 415 1340 Parthenii
436 1273 568 1340 titulum
587 1275 748 1342 Methodii
771 1278 907 1342 carmini
930 1276 1119 1359 indidimus,
1143 1274 1230 1364 quod
1252 1298 1273 1341 a
1294 1277 1483 1362 virginibus
1505 1287 1615 1344 canta·

162 1375 259 1440 batur
281 1385 314 1440 et
335 1377 405 1441 eius
426 1385 551 1461 auctor,
574 1401 670 1465 quem
692 1387 840 1444 veterum
863 1379 1060 1465 scriptorum
1083 1376 1256 1466 splendida
1271 1377 1422 1466 exempla
1437 1381 1505 1444 suis
1521 1378 1615 1444 libris

161 1476 318 1542 aemulari
345 1476 478 1543 solitum
506 1501 578 1544 esse
606 1481 686 1546 satis
715 1489 860 1562 constat,
894 1481 929 1544 in
957 1478 1020 1546 boc
1050 1500 1178 1567 quoque
1205 1489 1354 1566 poemate
1385 1480 1553 1546 Alcmanis
1583 1489 1616 1545 et

161 1577 298 1642 Pindari
325 1578 519 1665 pervulgata
548 1584 704 1662 παρθένια
732 1584 878 1648 imitatus
907 1603 979 1647 asse
1007 1581 1146 1648 videtur.
1198 1581 1268 1646 Neo
1294 1604 1358 1648 non
1389 1582 1555 1648 Theocriti
1584 1592 1617 1647 ct

162 1678 283 1745 Catulli
305 1681 504 1748 carminibus
526 1682 741 1770 nuptialibus,
764 1685 883 1771 quibus
904 1704 1078 1772 puerorum
1093 1681 1339 1771 puellarumque
1354 1684 1445 1750 chori
1460 1684 1615 1770 permixti

161 1781 297 1846 maritos
320 1781 451 1848 domum
475 1785 771 1871 prosequebantur,
802 1785 864 1852 hoc
886 1806 1017 1850 carmen
1039 1784 1200 1850 Methodii
1222 1785 1370 1850 conferre
1391 1787 1495 1851 iuvat.
1540 1783 1615 1865 Quo

161 1883 248 1944 enim
277 1893 372 1969 pacto
401 1904 554 1952 romanus
587 1895 684 1972 poeta
716 1887 879 1972 virgines,
914 1889 992 1954 dum
1020 1888 1134 1974 pineas
1163 1887 1276 1951 taedas
1307 1908 1405 1952 manu
1433 1888 1616 1972 quatientes

161 2003 280 2048 novam
303 1993 438 2070 nuptam
460 1985 610 2052 flammeo
633 1989 780 2054 indutam
803 1989 1009 2074 comitantur,
1033 1995 1145 2053 nolum
1168 1986 1250 2052 illud

330 2087 337 2112 ¹
443 2087 573 2176 Hymen
596 2112 615 2155 o
638 2089 845 2177 Hymenaee,
867 2089 1000 2177 Hymen
1022 2089 1101 2154 ades
1123 2109 1142 2152 o
1166 2087 1356 2175 Hymenaee

161 2187 366 2254 succinentes
393 2188 489 2273 facit,
519 2191 633 2258 eodem
661 2193 757 2258 modo
785 2191 982 2258 christianae
1011 2192 1173 2277 virgines,
1203 2191 1279 2256 dum
1307 2190 1449 2256 candida
1470 2201 1562 2256 vesto
1585 2201 1617 2255 et

160 2285 280 2353 lucidis
303 2289 430 2356 facibus
446 2291 577 2358 Christo
600 2314 719 2376 sponso
742 2293 874 2360 obviam
895 2303 984 2377 eunt,
1007 2292 1192 2370 exultantes
1214 2292 1385 2358 itentidem
1414 2291 1614 2358 exclamant:

442 2393 585 2472 Ἁγνεύω
607 2415 656 2461 cor
678 2397 731 2462 καὶ
751 2397 919 2476 λαμπάδα(
941 2395 1151 2477 φαεεφόρουε
1173 2400 1332 2476 spurcata

526 2483 536 2494 ⁵
682 2497 816 2579 νυμφίε,
838 2497 1014 2565 bucardum
1036 2518 1095 2563 cor.

247 2593 384 2676 Constat
416 2603 525 2662 autem
558 2598 619 2662 hoc
650 2618 782 2662 carmen
808 2597 971 2663 Methodii
1004 2598 1126 2683 viginti
1160 2605 1299 2685 quatuor
1331 2597 1474 2684 strophis
1507 2596 1554 2662 ita
1581 2598 1614 2662 in

160 2716 260 2758 unum
293 2695 404 2761 orbern
436 2699 643 2780 coeuntibus,
676 2708 713 2764 ut
744 2699 874 2765 litterae
906 2697 1049 2764 initiales
1087 2700 1288 2781 dupocrsxlbc
1324 2701 1396 2765 κατ’
1423 2699 1615 2781 ἀλφάβητον

161 2796 316 2880 efficiant,
340 2799 426 2884 quod
449 2799 537 2865 idem
558 2801 734 2866 artificium
755 2823 821 2866 non
843 2799 946 2866 solum
969 2801 1164 2866 creberrime
1184 2801 1218 2866 in
1235 2802 1423 2888 byzantinis
1445 2801 1614 2888 poematis,

161 2898 219 2962 sod
241 2899 340 2964 etiam
362 2901 397 2964 in
420 2900 573 2987 Gregorii
595 2902 738 2988 theologi
760 2903 904 2968 carmine
931 2901 1072 2967 iambico
1095 2901 1142 2990 (p.
1168 2903 1229 2968 186
1250 2903 1301 2968 ed.
1325 2902 1439 2968 Oolon.
1463 2923 1492 2968 a.
1517 2903 1613 2983 1690)

161 3001 316 3081 occurrit,
349 3022 454 3088 neque
487 3003 638 3068 dubium·
656 3013 719 3086 est,
753 3005 832 3091 quin
865 3013 982 3091 poetae
1011 3003 1182 3069 christiani
1210 3005 1244 3068 in
1272 3004 1334 3070 hac
1362 3025 1397 3069 re
1426 3002 1614 3090 exemplum

61 3163 78 3184 ἱ
161 3101 377 3166 recentiorum
415 3104 608 3189 hymnorum
641 3104 763 3170 veteris
795 3106 1000 3170 Testamenti
1034 3107 1133 3191 (conl.
1168 3102 1283 3171 Ewald
1319 3105 1384 3170 Die
1426 3106 1614 3193 poetischen

161 3199 290 3265 Bt'rcher
311 3201 369 3268 des
391 3205 478 3271 alten
501 3206 727 3272 Testamentes
749 3207 778 3290 I,
804 3207 878 3290 140)
901 3208 1005 3272 secuti
1028 3210 1104 3273 sint.
1149 3206 1304 3292 Singulae
1326 3215 1433 3272 autem
1461 3207 1615 3293 strophae

160 3323 202 3366 ex
230 3314 368 3389 quatuor
394 3307 544 3374 versibus
573 3307 678 3394 longis
706 3318 739 3374 et
765 3309 859 3375 brevi
887 3307 1034 3374 clausula
1061 3309 1260 3390 consistunt,
1289 3330 1372 3395 quae
1399 3306 1476 3373 licet
1504 3308 1614 3372 Pitrae

159 3403 357 3492 (Hymnogr.
380 3431 413 3495 p.
435 3409 479 3474 40
500 3414 557 3475 ‘un
579 3411 682 3475 mitre
704 3409 819 3492 cache,
846 3411 903 3497 qui
929 3409 1074 3496 echappe
1100 3411 1120 3472 a
1149 3419 1244 3473 notre
1270 3409 1452 3494 curiositd')
1475 3408 1614 3474 obscuro
1642 3411 1643 3416 ’

158 3505 269 3592 aliquo
291 3517 393 3574 metro
419 3511 599 3598 composita
627 3533 699 3578 esse
726 3511 916 3592 videantur,
945 3519 1054 3575 tamen
1081 3519 1193 3596 aperte
1221 3507 1396 3574 iambicum
1423 3510 1613 3596 rhythmum

125 3621 130 3630 ’
158 3605 318 3692 produnt,
355 3611 452 3678 modo
479 3613 683 3679 Methodium
715 3633 861 3678 normam
895 3619 1044 3676 veterum
1078 3619 1244 3697 poetarum
1277 3608 1425 3674 nonnihiI
1454 3612 1614 3696 migrasse

159 3719 289 3790 teneas,
316 3719 353 3775 ut
380 3735 444 3778 non
472 3713 577 3779 solum
606 3713 768 3801 syllabam
796 3712 927 3799 longam
955 3734 1114 3798 nusquam
1141 3714 1176 3777 in
1204 3712 1285 3777 duas
1315 3711 1432 3777 breves
1461 3713 1613 3795 solveret,

159 3809 219 3874 sed
241 3812 339 3876 etiarn
362 3813 525 3878 interdum
547 3814 704 3881 brevibus
727 3813 865 3902 syllabis
889 3814 1072 3900 longarum,
1094 3836 1155 3880 nec
1176 3835 1240 3879 non
1258 3813 1365 3899 longis
1380 3814 1531 3880 brevium
1547 3816 1613 3880 vim

158 3909 328 3978 tribueret.
379 3914 434 3982 Sic
462 3914 630 3981 literarum
663 3916 859 4005 positionem
889 3918 924 3981 in
952 3895 1008 3983 cliv
1036 3918 1123 3983 παιδί
1162 3940 1194 3983 v.
1223 3916 1281 4010 141
1308 3913 1481 4001 neglexit,
1521 3915 1614 3980 verbi

158 4013 335 4092 μέλπουεαι
350 4017 435 4081 ν.40
449 4025 628 4082 extremam
649 4016 809 4104 syllabam
832 4027 947 4083 contra
968 4027 1115 4084 veterum
1137 4025 1305 4105 poetarum
1327 4039 1422 4082 usum
1445 4018 1612 4103 corripuit,

159 4114 391 4181 vocabulorum
413 4119 575 4201 ἐλᾶθόμην
597 4142 654 4184 vv.
675 4119 733 4201 25,
756 4119 815 4204 26,
841 4113 948 4200 ἀγάπη
971 4143 1002 4184 ν.
1025 4120 1083 4200 33,
1106 4121 1203 4202 cdcplu
1225 4142 1256 4184 v.
1279 4119 1338 4198 34,
1360 4123 1484 4198 γόερῶε
1507 4141 1538 4182 ν.
1560 4119 1612 4200 44,
1668 4179 1673 4192 ,

158 4217 344 4298 φλεγόμένη
366 4241 398 4285 v.
421 4220 479 4302 69,
501 4219 688 4303 πρόδρομοι
706 4214 834 4302 ἀνόμως
856 4244 888 4286 v.
912 4221 964 4303 98,
987 4223 1149 4304 θέόνυμφε
1172 4241 1204 4284 ν.
1230 4219 1299 4297 115,
1322 4218 1461 4285 θάνᾶτοε
1484 4241 1516 4283 ν.
1542 4219 1612 4300 112,

154 4309 284 4399 ἄφοβος
305 4343 339 4384 ν.
356 4321 418 4387 130
431 4322 548 4388 breues
570 4321 716 4408 syllabas
738 4324 909 4409 produxit;
933 4345 1017 4409 quae
1038 4320 1170 4408 quidem
1192 4319 1345 4392 licentiae¹
1364 4339 1402 4382 eo
1424 4321 1529 4404 magis
1552 4341 1612 4384 nos

157 4417 338 4504 offendunt,
353 4422 441 4508 quod
455 4445 496 4488 ne
511 4433 663 4489 accentus
679 4422 813 4511 quidem
829 4425 862 4488 vi
885 4423 1032 4512 syllabae
1053 4421 1129 4486 illae
1152 4429 1266 4486 contra
1287 4441 1409 4486 morem
1431 4420 1611 4506 productae

158 4519 339 4604 eriguntur.
383 4525 558 4590 Praeterea
579 4547 639 4590 nec
661 4547 775 4590 versus
797 4547 857 4590 nec
879 4524 1045 4590 clausulae
1066 4525 1138 4610 pari
1155 4545 1266 4588 omnes
1284 4521 1508 4608 magnitudine
1524 4530 1611 4604 sunt,

157 4617 219 4686 bac
246 4621 281 4685 in
309 4645 346 4688 re
378 4625 604 4713 inaequalitati
637 4648 789 4693 versuum
822 4628 931 4693 octavi
959 4623 1111 4710 Gregorii
1144 4623 1296 4689 carminis
1329 4646 1394 4689 non
1427 4622 1612 4689 dissimiles.

158 4721 366 4810 Quamquam
399 4729 485 4792 enim
519 4728 588 4793 iere
616 4749 732 4794 versus
760 4727 935 4816 septenarii
962 4726 1095 4791 iambici
1122 4725 1323 4792 acatalectici
1350 4724 1611 4812 quatuordenum

157 4821 378 4910 syllabarum,
406 4828 559 4895 versiculi
588 4829 791 4916 tetrapodiae
818 4829 1049 4894 acatalecticus
1075 4837 1228 4894 octonum
1250 4827 1450 4912 syllabarum
1472 4833 1612 4888 metrum

213 4947 324 4987 cauma
338 4957 485 4990 munau.
1386 4931 1405 4986 b
