3800 5474
505 388 571 443 LIB.
588 389 608 444 l.
631 387 678 442 DE
693 385 820 442 POETIS
837 385 1066 442 CHRISTIANIS
1081 386 1243 443 GRAECIS.
1531 389 1603 446 XLV

151 534 335 600 Cedrenum
357 557 389 621 p.
412 533 475 599 456
497 534 552 620 O).
596 533 705 600 Senex
732 534 931 620 octogesimo
958 541 1074 619 quarto
1096 533 1164 615 vel,
1187 541 1225 596 ut
1246 532 1303 597 alii
1325 535 1473 616 tradunt,
1496 545 1603 601 cente-

150 638 233 701 simo
262 646 377 724 quarto
405 638 522 702 aetatis
549 657 633 701 anno
663 645 779 722 quarto
808 634 861 700 die
889 636 1009 700 mensis
1032 634 1226 700 Decembris
1248 637 1319 700 vita
1346 634 1520 702 defunctus
1543 647 1604 720 est,

149 761 214 826 quo
237 737 291 804 die
313 737 451 803 ecclesia
472 759 591 822 graeca
613 739 682 803 eiua
706 737 819 804 laudes
842 747 935 822 grata
956 738 1112 802 memoria
1134 738 1353 824 prosequitur.

234 839 281 906 Ut
302 849 431 906 veteres
447 840 566 905 Graeci
581 839 759 904 Pindarum
775 849 808 904 et
823 836 1024 924 Aeschylum
1039 861 1059 902 a
1074 840 1219 922 Baccho,
1242 861 1306 926 quo
1328 839 1477 906 divinum
1493 863 1603 906 eorum

150 944 291 1008 furorem
321 942 559 1028 significarent,
589 941 631 1006 ad
659 941 804 1007 earmina
834 941 1007 1007 scribenda
1040 939 1222 1027 compulsos
1255 963 1328 1006 esse
1360 940 1602 1027 fabulabantur,

149 1046 197 1109 sic
224 1045 361 1110 Mariam
389 1030 556 1128 virginem*
579 1044 721 1108 antistiti
748 1044 897 1110 coenobii
920 1043 1076 1108 Sabaitici
1107 1043 1141 1106 in
1169 1045 1304 1108 somniis
1332 1043 1469 1109 suadere
1496 1047 1603 1110 visam

148 1169 221 1212 esse
250 1155 399 1231 narrant,
433 1156 471 1211 ut
498 1147 650 1210 iuvenem
678 1145 834 1211 Ioannem
862 1167 954 1210 suam
984 1166 1109 1210 musam
1139 1143 1230 1210 laudi
1257 1144 1382 1210 Christi
1414 1167 1603 1212 consecrare

147 1249 285 1314 iuberet.
330 1248 411 1313 Eius
439 1247 716 1314 admonitionibus
745 1246 920 1312 obsecutus
942 1247 1057 1312 favore
1079 1247 1191 1334 populi
1213 1248 1348 1333 stipsis
1370 1247 1478 1312 turbis
1500 1248 1602 1313 eccle-

148 1351 217 1414 siae
243 1371 309 1414 non
335 1349 545 1415 mediocriter
572 1349 704 1414 adiutus
732 1359 791 1414 est.
836 1348 979 1414 Tantum
1006 1349 1093 1414 enim
1119 1351 1250 1432 aberat,
1278 1359 1315 1413 ut
1342 1350 1377 1412 in
1403 1349 1601 1435 psalmorum

147 1460 369 1537 veterumque
388 1453 588 1516 canticorum
615 1459 711 1514 cantu
740 1451 909 1516 etiamtum
930 1452 1189 1538 acquiescerent,
1220 1460 1257 1516 ut
1278 1472 1317 1515 ea
1339 1471 1435 1537 quam
1458 1452 1601 1517 maxime

146 1555 295 1618 carmina
326 1553 566 1634 desiderarent,
601 1574 684 1639 quae
711 1553 898 1618 christianis
930 1553 1097 1641 mysteriis
1126 1562 1160 1619 ct
1186 1553 1442 1638 theologicorum
1470 1552 1600 1639 placitis

146 1654 332 1743 aperiendis
361 1654 654 1741 confirmandisque
680 1655 890 1720 inservirent.
934 1655 1018 1720 (lum
1047 1657 1166 1721 Corma
1194 1657 1296 1739 igitur
1323 1654 1547 1742 condiscipulo
1570 1663 1603 1720 et

146 1754 373 1822 contubernali
401 1756 540 1822 Ioannes
569 1757 603 1820 in
633 1755 704 1821 dies
733 1756 912 1822 dominicas
941 1766 974 1823 et
1001 1758 1193 1844 praecipuas
1222 1758 1444 1823 solemnitates
1478 1757 1602 1846 Christi

146 1859 269 1924 domini
293 1869 325 1924 et
346 1860 470 1925 Mariae
497 1859 611 1938 matris
638 1867 687 1924 tot
714 1860 857 1924 carmina
884 1859 1033 1945 piissima
1061 1867 1093 1924 et
1121 1857 1310 1924 dulcissima
1337 1861 1536 1946 composuit,
1564 1868 1602 1924 ut

143 1971 292 2028 auctores
320 1962 464 2028 musicae
491 1961 731 2028 ecclesiastieae
752 1983 772 2024 a
794 1962 861 2027 suis
889 1961 1067 2046 gentilibus
1096 1961 1374 2047 praedicarentur.
1419 1961 1525 2028 Huius
1552 1962 1601 2024 rei

144 2072 257 2130 auctor
279 2063 553 2150 locupletissimus
583 2063 699 2128 Suidas
723 2060 974 2150 lexicographus
1002 2063 1103 2128 refert
1129 2061 1224 2128 hace:
1262 2063 1411 2143 Ἰωάννη(
1439 2063 1458 2128 ὁ
1486 2064 1599 2143 Δαμα-

37 2159 47 2174 ’
146 2168 278 2247 ςκηνός,
301 2166 512 2247 ὁέπικληθεὶς
527 2166 692 2246 Μανςοὺρ,
715 2166 797 2247 ἀνὴρ
819 2167 870 2231 καί
892 2166 990 2232 αὐτὸς
1011 2167 1268 2248 ἐλλογιμώτατος
1288 2165 1425 2232 οὐδενὸς
1446 2165 1599 2246 δεύτεροι

145 2274 213 2336 τῶν
242 2269 316 2334 κατ’
338 2269 439 2335 αὐτὸν
461 2268 497 2334 ἐν
519 2271 647 2355 παιδείᾳ
675 2269 888 2349 λαμψάντων·
918 2267 1142 2348 ςυγγράμματα
1170 2267 1271 2334 αὐτοῦ
1299 2267 1385 2334 πάνυ
1413 2268 1522 2332 πολλὰ
1549 2267 1601 2332 καί

143 2371 277 2451 μάλιςτα
304 2371 485 2452 φιλόςοφα,
514 2369 559 2435 είς
585 2391 621 2437 τε
649 2371 709 2450 τὴν
737 2371 825 2436 θείαν
853 2372 984 2451 γραφὴν
1013 2370 1215 2450 παράλληλοι
1242 2370 1315 2434 κατ’
1337 2369 1475 2448 ἐκλογὴν
1496 2369 1547 2434 καλ
1563 2368 1600 2436 ol

144 2473 308 2558 ᾀςματικοὶ
330 2473 466 2539 κανόνες
487 2471 622 2553 ίαμβικοί
643 2491 678 2537 τε
700 2471 751 2537 καί
772 2473 1013 2551 καταλογάδην·
1037 2473 1210 2552 ςυνήκμαῑε
1233 2471 1271 2535 δ’
1292 2469 1380 2554 αὐτῷ
1402 2472 1454 2535 καὶ
1477 2471 1600 2551 Κοςμᾶς

145 2574 166 2638 ὁ
188 2575 221 2642 ἐξ
242 2573 482 2655 Ἱεροςολύμων,
506 2573 587 2654 ἀνὴρ
610 2573 825 2654 εὐφυέςτατος
847 2574 897 2638 καὶ
918 2574 1028 2640 πνέων
1050 2575 1200 2654 μουςικὴν
1215 2573 1300 2638 ὅλως
1315 2573 1373 2651 τὴν
1389 2572 1598 2653 ἐναρμόνιον·

145 2677 176 2742 ol
197 2681 279 2753 γοῦν
303 2676 465 2761 ᾀςματικοί
486 2676 621 2741 κανόνες
642 2673 795 2742 Ἰωάννου
817 2695 851 2740 τε
873 2676 925 2739 καλ
949 2676 1053 2756 Κοςμά
1081 2675 1237 2756 ςιίγκριςιν
1266 2674 1325 2740 οὐκ
1347 2673 1498 2741 ἐδέξαντο
1521 2672 1599 2738 οὐδὲ

144 2779 290 2849 δέξαιντο
313 2778 368 2856 ἂν,
396 2779 503 2858 μέχρις
526 2777 545 2842 ὁ
567 2778 642 2844 καθ’
663 2778 745 2858 ἡμᾶς
773 2777 840 2858 βίος
866 2776 1123 2857 περαιωθήςεται.
1168 2775 1242 2842 Ηοο
1269 2784 1377 2840 autem
1405 2796 1481 2840 eum
1509 2775 1599 2840 testi-

144 2881 253 2946 monio
275 2881 424 2946 conferre
446 2879 555 2962 iuvat,
584 2900 666 2965 quae
689 2877 859 2942 (ledrenus
881 2876 951 2943 loeo
975 2899 1074 2964 supra
1095 2878 1160 2942 iam
1183 2876 1316 2942 laudato
1338 2899 1370 2963 p.
1393 2876 1456 2942 456
1477 2877 1510 2941 D
1533 2897 1598 2941 me-

144 2983 266 3046 moriae
299 2980 459 3069 prodidit:
497 2980 533 3046 ‘0
564 2980 652 3046 ὅςιος
679 2981 827 3060 Ἰωάννης
856 2981 906 3045 καὶ
932 2980 1076 3064 μελῳδὸς
1108 2979 1277 3061 ὠνομάςθη
1301 2980 1379 3060 μετὰ
1404 2979 1508 3059 Κάτμα
1531 2978 1596 3044 ἐπι-

145 3083 267 3150 ςκάπου
290 3087 349 3149 τοῦ
372 3083 525 3162 Μαῑουμᾶ
546 3084 598 3147 καί
620 3082 814 3162 Θεοφάνους
841 3069 1002 3162 ἀδελφοῦ
1017 3069 1193 3163 Θεοδώρου
1220 3086 1286 3148 τῶν
1309 3083 1329 3146 Γ
1330 3087 1462 3162 ροπτῶν
1485 3080 1597 3145 διὰτὸ

148 3185 267 3251 αὐτοὺς
289 3189 467 3269 μελῳδῆςαι
490 3184 530 3249 τὰ
553 3183 589 3250 ἐν
611 3187 680 3248 ταῖς
695 3182 870 3263 ἐκκληςίαις
885 3189 951 3250 τῶν
967 3182 1162 3263 Χριςτιανῶν
1177 3184 1386 3264 τετυπωμένα
1408 3182 1597 3262 ψάλλεςθαι·

144 3287 185 3367 ἦν
207 3287 269 3367 γὰρ
291 3287 311 3352 ὁ
333 3285 426 3364 ἅγιος
447 3286 600 3364 Ἰωάννης
621 3283 718 3350 οὗτος
740 3291 785 3370 τῷ
801 3286 858 3372 βίῳ
881 3286 1000 3370 καὶτῷ
1023 3285 1112 3371 λόγῳ
1135 3286 1324 3352 διλάςκαλος
1346 3284 1474 3366 άριςτος
1496 3282 1597 3362 πάςης

143 3390 294 3464 γνιίιςεως
315 3387 402 3454 θείας
422 3408 457 3452 τε
473 3388 531 3452 καί
543 3385 745 3467 ἀνθρωπίνης
767 3385 1034 3467 ἐμπετληςμένος
1079 3385 1134 3452 Ab
1155 3386 1207 3452 his
1230 3386 1358 3451 duobus
1381 3383 1596 3471 scriptoribus

144 3489 277 3555 Ioannis
304 3498 338 3554 et
365 3489 503 3554 Cosmae
530 3486 643 3552 laudes
676 3487 942 3574 aequiparantur,
977 3487 1034 3551 sed
1067 3487 1188 3551 nimius
1215 3496 1265 3552 est
1292 3488 1326 3549 in
1353 3506 1412 3549 suo
1439 3484 1597 3568 scriptore

142 3589 363 3678 praedicando
384 3591 524 3656 Ioannes
547 3589 744 3677 patriarcha,
766 3589 824 3674 qui
844 3588 880 3651 in
894 3586 974 3652 Vita
988 3587 1334 3672 loannisJDamasceni
1347 3607 1375 3650 c.
1387 3584 1430 3649 34
1445 3584 1598 3649 Cosmam

143 3693 239 3780 quasi
255 3693 440 3757 ministrum
455 3713 495 3756 ao
509 3688 681 3756 satellitem
698 3689 831 3756 Ioannis
853 3687 957 3754 fuisse
979 3688 1076 3754 dicit:
1101 3688 1197 3756 οὗτος
1214 3690 1337 3770 Κοςμᾶς
1350 3690 1421 3754 τοῖς
1436 3687 1472 3753 ἐν
1487 3686 1599 3769 ᾄςμαςι

146 3797 372 3876 πνευματικοῖς
393 3794 509 3860 τόνοις
529 3794 588 3859 τὸν
611 3791 763 3872 Ἰωάννην
787 3791 956 3872 ἐμιμηςατο
979 3795 1117 3858 ςυνετιίις
1139 3792 1190 3858 καὶ
1212 3791 1311 3874 ὑπῇςε
1335 3790 1465 3869 λιγυρᾶς
1486 3795 1525 3873 τῇ
1548 3789 1597 3854 ἐκ-

142 3896 255 3982 κληςίᾳ
277 3895 438 3976 ἁρμονίας
475 3894 579 3961 Immo
601 3915 679 3960 vero
695 3894 829 3959 Cosmas
851 3891 934 3957 adeo
955 3913 1020 3957 non
1041 3893 1186 3958 imitator
1207 3892 1306 3958 alieni
1328 3890 1435 3978 operis
1458 3889 1597 3972 exstitit,

143 4009 183 4062 ut
203 3998 355 4084 aequales
378 3996 524 4063 homines
547 3997 578 4061 ei
600 3996 720 4083 primas
742 3993 870 4061 deferre
892 4016 957 4060 non
980 3994 1186 4078 dubitarent3
1208 4015 1273 4082 qua
1294 3993 1336 4058 de
1356 4015 1391 4057 re
1406 3992 1484 4057 vide
1505 3992 1597 4057 testi·

143 4099 256 4164 monia
275 4100 311 4165 in
333 4100 403 4166 vita
418 4100 555 4165 Cosmae
569 4097 656 4178 infra
669 4096 779 4162 allata.
817 4097 1022 4183 Quamquam
1044 4096 1178 4163 Ioannis
1200 4097 1338 4162 odarum
1359 4093 1473 4158 modos
1495 4092 1598 4158 multo

142 4201 248 4287 magis
271 4201 433 4289 placuisse
453 4200 530 4266 inde
552 4209 658 4287 patet,
680 4199 768 4286 quod
789 4201 985 4265 recentiores
1001 4209 1117 4285 poetae
1132 4199 1269 4264 Cosmae
1283 4196 1398 4262 hirmis
1420 4194 1596 4276 rarissime,

142 4303 278 4368 Ioannis
300 4303 498 4368 creberrime
519 4303 570 4367 usi
593 4310 679 4368 sunt.

231 4403 300 4469 Iam
322 4413 360 4469 ut
380 4404 517 4470 Ioannis
537 4402 578 4470 de
600 4403 692 4492 poesi
713 4402 933 4468 ecclesiastiea
954 4402 1071 4466 merita
1093 4399 1284 4485 singillatim
1306 4417 1493 4484 persequar,
1509 4419 1595 4462 sum·
1659 4473 1666 4497 ,

141 4528 231 4572 mam
252 4505 373 4571 lamam
395 4527 433 4572 eo
454 4513 648 4573 consecutus
671 4514 736 4584 est,
766 4505 854 4590 quod
875 4503 1031 4570 Oetdecbi
1052 4501 1146 4584 libri,
1175 4521 1238 4587 quo
1265 4498 1374 4566 nullus
1396 4499 1596 4565 canticorum

142 4609 230 4674 liber
251 4609 356 4694 magis
378 4605 466 4695 apud
481 4608 625 4674 Graecos
647 4604 862 4694 pervulgatus
885 4614 954 4687 est,
977 4605 1153 4670 maximam
1175 4611 1302 4690 purtem
1323 4602 1513 4688 composuit.
1546 4600 1596 4665 Ne

143 4711 234 4776 enim
249 4711 353 4776 omnis
369 4709 544 4791 Octoeehi,
567 4708 655 4796 quod
671 4707 770 4792 vulgo
785 4715 935 4789 narrant,
959 4705 1113 4771 Ioannem
1126 4713 1293 4770 auctorem
1316 4703 1434 4788 dicam,
1456 4723 1595 4768 canones

136 4812 277 4916 ,triadioi
306 4810 512 4898 Metrophani
535 4820 569 4877 et
590 4809 731 4876 sticbera
759 4807 861 4873 multa
888 4807 1040 4874 Studitae
1064 4817 1097 4874 et
1118 4805 1272 4872 Anatolio
1300 4803 1422 4871 diserte
1450 4806 1485 4871 in
1514 4805 1594 4870 meis
