3800 5474
298 419 365 474 LlB.
380 418 429 473 111.
450 419 498 472 DE
513 417 739 474 RHYTHMlClS
754 418 907 474 LEGIBUS
922 418 1121 475 crannum
1135 405 1436 479 BYZANTlNORUM.
1512 423 1601 478 xcru

147 587 269 630 camus.
316 566 362 630 At
384 567 417 630 in
440 567 595 653 tropariis
618 564 869 654 byzantinorum
891 565 1093 635 melodorum
1116 589 1221 655 neque
1244 590 1286 633 ex
1307 570 1451 656 ancipite
1473 569 1603 658 syllaba

146 689 252 753 neque
274 689 316 731 ex
339 667 430 734 biatu
453 667 630 755 quidquam
653 666 806 734 concludi
828 677 952 752 potest,
981 669 1144 756 siquidem
1166 680 1200 735 et
1221 671 1437 757 quantitatem
1460 670 1602 758 syllaba·

128 791 218 832 rum
240 790 374 853 prorsus
398 769 616 854 neglegebent
638 778 671 834 et
692 769 817 834 hiatum
840 792 904 833 non
928 769 1058 856 eadem,
1081 794 1146 858 qua
1167 782 1294 837 veteres
1317 784 1442 860 poetae,
1465 772 1600 858 diligen-

146 873 193 934 tia
215 869 398 955 fugiebant.
444 871 557 957 Neque
585 869 678 935 finito
700 870 861 938 vocabulo
882 874 1002 957 (τελείᾳ
1024 876 1119 954 λέξει)
1142 883 1268 940 tantum
1290 874 1360 947 hio,
1390 885 1546 962 quantum
1568 877 1602 940 in

148 971 314 1036 veteribus
342 973 446 1058 poetis
453 1021 462 1055 ,
492 971 698 1037 adiuvamur.
744 972 797 1038 Illi
821 975 907 1037 enim
930 983 962 1040 et
983 975 1132 1060 inprimis
1154 977 1306 1064 princeps
1330 988 1498 1064 poetarum
1521 977 1601 1065 lyri-

148 1095 276 1154 corum,
299 1072 478 1157 Pindarus,
507 1095 581 1137 curn
604 1096 701 1160 saepe
723 1073 787 1138 duo
810 1074 881 1140 cola
903 1077 1005 1140 verbo
1027 1077 1216 1142 continuato
1239 1081 1473 1164 coniungerent
1495 1082 1601 1164 (ευνῆ-

150 1177 243 1258 ψαν),
265 1196 439 1261 numquam
463 1175 523 1238 bao
545 1175 678 1240 licentia
700 1177 734 1240 in
756 1175 820 1240 fine
835 1177 1042 1263 periodorum
1057 1177 1151 1242 abusi
1167 1189 1259 1262 sunt;
1282 1179 1452 1266 byzantini
1467 1181 1600 1264 melodi,

147 1278 363 1342 recentiorum
393 1285 560 1363 poetarum
588 1297 778 1362 graecorum
806 1277 1044 1366 latinorumque
1072 1279 1257 1365 exemplum
1285 1281 1407 1364 secuti,
1436 1283 1602 1347 rarissime

147 1379 211 1442 fine
234 1377 297 1441 coli
319 1378 513 1466 uocabulum
537 1377 753 1461 diremerunt,
782 1379 870 1444 unde
897 1381 1024 1445 linitum
1052 1381 1247 1446 vocabulum
1270 1383 1496 1449 tenuissimum
1519 1383 1600 1447 indi·
1673 1458 1677 1465 Ι

147 1481 237 1544 cium
259 1479 333 1543 finis
356 1501 471 1545 versus
495 1479 547 1544 vel
571 1483 696 1567 periodi
719 1482 841 1546 factum
864 1492 924 1546 est.
969 1483 1019 1548 Ne
1042 1493 1152 1548 tamen
1174 1505 1329 1569 umquam
1351 1484 1544 1551 vocabulum
1568 1487 1601 1550 in

146 1581 212 1646 duo
234 1582 307 1646 cola
328 1581 507 1646 dissectum
529 1604 601 1647 esse
628 1603 759 1667 negem,
788 1583 936 1648 nonnulli
964 1583 1027 1648 loci
1054 1584 1244 1670 prohibent,
1272 1595 1308 1651 ut

555 1752 687 1816 Ioannis
710 1774 780 1816 can.
803 1753 821 1817 I
843 1752 895 1817 od.
918 1751 947 1833 γ’
975 1775 1006 1818 v.
1034 1755 1071 1818 18
1094 1757 1115 1838 >
1136 1755 1194 1819 33:

504 1873 616 1952 φέρων
638 1893 672 1939 τε
695 1873 906 1945 παντεπόπτα
929 1875 934 1958 Ι
957 1878 1013 1954 τῆ(
1034 1875 1195 1955 ἁμαρτίοε.

503 1975 583 2038 ίδεῑν
605 1974 778 2054 conteret
802 1976 807 2059 1
830 1976 974 2043 ἀξιωθεὶς
995 1979 1054 2044 τὸν
1075 1977 1189 2043 τύπον.

518 2094 523 2105 ·
555 2141 687 2208 Ioannis
710 2167 781 2209 can.
796 2144 852 2209 III
875 2143 927 2210 od.
950 2143 974 2214 Z'
995 2170 1027 2212 v.
1044 2145 1085 2210 82
1101 2147 1121 2230 >
1136 2146 1194 2210 92:

505 2263 605 2344 εέβειν
627 2265 665 2329 τὸ
688 2266 919 2344 χρυεότευκτον
944 2265 947 2352 l
971 2265 1102 2346 ἄψυχον
1126 2267 1246 2347 βρέτας.

393 2413 401 2428 .
506 2365 621 2430 ἔνθου(
643 2366 732 2446 Ἰωὴλ
757 2367 762 2450 l
785 2372 845 2434 τοῦ
867 2368 1132 2448 θεαρχικωτάτου.

557 2533 691 2599 Ioannis
715 2557 786 2598 can.
803 2535 853 2599 IV
875 2534 928 2600 od.
944 2537 974 2601 α’
989 2558 1022 2600 ν.
1037 2537 1058 2601 3
1074 2539 1095 2620 >
1109 2538 1145 2600 9:

505 2655 554 2719 καί
577 2656 611 2720 ἐκ
633 2659 691 2734 γῆ(
713 2656 796 2734 πρὸ(
819 2655 962 2736 οὐρανὸν
986 2657 991 2740 Ι
1016 2658 1148 2736 Χριετόε
1169 2657 1189 2722 ὁ
1210 2659 1293 2724 θεόε.

503 2757 762 2836 ἐξοετράπτοντα
785 2757 789 2842 l
813 2759 864 2822 καί
887 2759 1011 2840 χαίρετε
1034 2758 1208 2842 φάεκοντο

557 2923 690 2990 Ioannis
713 2947 784 2991 ean.
807 2927 855 2990 lV
877 2926 930 2989 od.
946 2925 970 2992 ε’
986 2948 1017 2990 v.
1035 2927 1077 2992 49
1091 2930 1112 3011 >
1126 2905 1182 2994 53:

506 3047 557 3110 καὶ
578 3047 649 3111 ἀντὶ
671 3046 774 3126 μύρου
795 3048 853 3112 τὸν
877 3047 980 3125 ὕμνον
1005 3047 1009 3131 l
1032 3049 1243 3128 npocolcopev
1265 3056 1311 3134 τῷ
1334 3052 1479 3138 δεεπότῃ.

506 3147 536 3211 οἱ
558 3151 625 3211 τοιῑε
648 3153 706 3213 τοῦ
729 3149 810 3232 ᾅδου
827 3148 949 3228 ‘cernale
973 3151 978 3234 Ι
1002 3152 1207 3231 ευνεχόμενοι
1230 3152 1425 3230 δεδορκότεε.

558 3315 696 3381 Cosmae
712 3338 783 3380 can.
803 3317 831 3381 V
846 3316 898 3381 od.
922 3320 951 3382 α’
964 3341 997 3383 ν.
1013 3319 1034 3382 4
1048 3321 1069 3401 >
1086 3320 1134 3384 16.
1159 3341 1191 3382 ν.
1209 3319 1451 3405 Hirmologium
1475 3344 1505 3409 p.
1521 3323 1599 3386 321:
1658 3393 1660 3397 ι

504 3439 667 3516 δυεμενείε
690 3435 833 3516 ὁρῶντε(
856 3437 860 3522 Ι
884 3437 920 3501 έν
942 3437 1030 3520 αὐτῷ
1053 3438 1278 3518 ὑποβρυχίουε.

505 3537 549 3602 ὼε
571 3538 753 3618 ὀφθήεομοι
778 3539 782 3621 Ι
805 3538 1029 3618 λαμπρότερον
1052 3540 1145 3618 ἡλίου
1167 3540 1399 3620 ἐξοετράπτων,

556 3706 695 3772 Οουῐυοο
716 3729 788 3771 can.
805 3708 853 3771 VI
875 3706 928 3771 od.
952 3705 981 3771 α’
1004 3708 1115 3792 ν.4>
1141 3709 1194 3772 1οε

505 3827 697 3906 ἐξορχούεηε
721 3828 849 3906 Μαριὰμ
874 3827 878 3910 Ι
902 3830 980 3908 μετὰ
1002 3832 1113 3908 χορῶν
1135 3830 1186 3893 καὶ
1208 3830 1393 3910 τυμπάνων.

506 3929 540 3992 ἐκ
563 3923 723 4007 περάτων,
746 3929 892 4006 θεοτόκε,
918 3929 921 4012 l
945 3949 994 3992 cor
1015 3931 1213 4010 παρέετηεον
1235 3933 1347 4012 ἄρδην.
1444 3941 1448 3948 ’

558 4096 666 4182 Sergii
690 4121 721 4160 v.
747 4099 780 4160 11
809 4099 892 4181 >83
914 4101 934 4182 >
957 4098 1036 4164 203:

354 4216 494 4282 έξίετοτο
516 4217 566 4280 καὶ
586 4215 695 4281 ίετοτο
718 4222 722 4300 1
746 4217 933 4297 κραυγάζιυν
956 4220 1038 4296 πρὸ(
1061 4218 1161 4299 αὐτὴν
1184 4224 1322 4284 τοιαῦτα.

353 4320 390 4384 έν
412 4325 450 4400 τῇ
472 4320 581 4398 γοετρί
604 4319 728 4398 Μαρία(
751 4319 957 4399 βοεκηθὲντο,
983 4319 987 4403 1
1012 4321 1050 4398 ἣν
1074 4321 1249 4400 ὑμνοῦντες
1272 4321 1378 4387 είπον.

352 4421 441 4499 ἡμεῖε
464 4421 559 4486 δὲτὸ
581 4421 752 4500 μυετήριον
774 4421 989 4500 θαυμάζοντεε
1014 4418 1017 4505 l
1040 4428 1156 4486 πιετῶε
1180 4427 1314 4504 βοῶμεν.

147 4537 213 4602 His
235 4547 344 4601 autem
367 4539 400 4600 in
424 4539 576 4602 versibus
605 4536 759 4600 canendis
787 4559 852 4602 nou
880 4537 982 4604 verbe
1009 4537 1191 4622 dissecant,
1221 4541 1253 4605 id
1277 4541 1364 4626 quod
1388 4565 1507 4624 exea,
1538 4565 1603 4629 qua

145 4662 207 4704 nos
231 4640 264 4704 in
288 4639 430 4726 periodis
447 4650 591 4704 veterum
614 4648 782 4725 poetarum
806 4639 990 4704 dividendis
1012 4639 1145 4722 utimur,
1168 4643 1293 4706 ratione
1315 4641 1507 4708 concludere
1530 4666 1601 4730 pos·

145 4743 207 4822 sis,
230 4741 288 4804 sed
310 4763 395 4804 nunc
418 4740 489 4823 hoc,
511 4763 597 4804 nunc
619 4740 675 4806 illo
699 4739 779 4824 loco,
803 4751 840 4804 ut
863 4740 990 4805 lineolis
1012 4743 1110 4808 rectis
1133 4743 1402 4827 significavimus,
1426 4742 1497 4809 oola
1518 4745 1602 4810 divi-

145 4843 253 4924 dunt,
283 4852 320 4908 ut
348 4844 383 4908 έν
411 4844 517 4928 τελείᾳ
544 4845 625 4913 λέξει
654 4842 907 4929 unumquodque
940 4841 1044 4908 colum
1077 4845 1218 4910 finiatur.
1269 4845 1382 4932 Neque
1411 4845 1471 4910 hoc
1500 4849 1533 4912 in
1561 4848 1602 4912 iis
