3800 5474
315 371 389 428 XCll
903 367 1185 423 PROLEGOMENA.

316 543 387 584 esse
410 519 552 590 videtur.
598 514 670 580 Hoe
693 538 820 602 quoque
842 525 1022 580 memoratu
1044 514 1178 601 dignum
1201 523 1266 597 est,
1294 525 1406 601 poetas
1428 537 1562 601 graecos
1585 527 1619 582 et
1640 515 1772 600 latinos,

316 644 381 708 quo
403 619 600 686 recentiores
623 639 770 704 aevoque
791 617 970 683 christiano
991 617 1159 705 propiores
1180 616 1317 699 luerint,
1341 637 1378 682 eo
1394 619 1550 682 maiorem
1565 618 1772 705 diligentiam

316 722 467 787 versibus
490 730 579 786 certo
601 719 743 805 quodam
766 718 837 785 loco
859 718 1043 784 incidendis
1066 741 1264 806 caesuraque
1286 720 1320 783 in
1342 717 1414 784 cola
1435 718 1626 785 dividendis
1649 722 1772 808 impen.

317 825 415 889 disse.
460 827 580 890 Poetae
608 822 710 906 igitur
737 821 908 907 byzantini
937 821 1022 909 quod
1051 821 1145 910 binos
1173 821 1326 906 pluresve
1353 820 1534 887 versiculos
1561 824 1595 886 in
1625 823 1773 908 singulos

316 949 430 992 versus
459 922 718 1007 coniungebant,
746 923 896 1008 vestigiis
923 925 1004 990 artis
1027 934 1061 989 et
1081 922 1306 988 hebraicorum
1329 934 1363 989 et
1383 945 1574 1008 graecorum
1603 933 1773 1012 poetarum

316 1029 524 1093 insistebant.
1472 1099 1474 1102 ¹
1548 1049 1557 1082 ι

400 1129 595 1215 Priusquam
623 1137 732 1193 autem
761 1128 802 1194 de
831 1150 984 1192 versuum
1011 1127 1282 1215 periodorumque
1303 1129 1540 1215 compositione
1562 1129 1773 1212 disseramus,

316 1254 374 1296 nos
397 1252 562 1317 exponere
584 1251 644 1316 par
667 1241 733 1313 est,
762 1229 881 1317 quibus
904 1231 1002 1295 rebus
1024 1233 1178 1314 cognosci
1206 1231 1325 1316 possit,
1354 1252 1437 1316 quae
1465 1231 1613 1295 membra
1640 1232 1773 1296 coniun-

315 1332 423 1424 genda
453 1333 519 1396 sint
546 1344 579 1400 et
606 1355 670 1419 quo
704 1331 774 1398 loco
804 1356 917 1398 versus
946 1334 1105 1420 cuiusque
1137 1331 1234 1396 finem
1267 1333 1422 1408 constitui
1453 1342 1611 1419 oporteat.
1663 1336 1773 1420 Atque

317 1437 455 1521 primum
483 1435 626 1498 omnium
654 1436 688 1498 in
716 1432 811 1499 libris
840 1444 873 1500 et
899 1457 998 1498 mauu
1026 1434 1158 1519 scriptis
1186 1443 1219 1498 ct
1247 1435 1335 1520 typis
1363 1436 1615 1521 repraesentatis
1643 1445 1681 1500 ut
1702 1435 1773 1500 cola

316 1536 444 1601 lineolis
468 1535 640 1623 punotisve
662 1534 788 1619 divisa,
818 1537 865 1602 ita
892 1559 1006 1601 vorsus
1035 1534 1124 1600 nullo
1147 1536 1243 1600 modo
1266 1534 1422 1622 descripti
1444 1548 1529 1602 sunt.
1574 1537 1691 1623 Neque
1713 1537 1773 1601 hoc

316 1636 448 1725 quidem
471 1638 588 1701 mirum
611 1647 676 1718 est,
700 1637 861 1734 siquidem
885 1640 941 1720 iis,
974 1639 1029 1726 qui
1051 1639 1212 1725 quomodo
1235 1649 1267 1704 et
1288 1637 1431 1702 colorum
1455 1647 1487 1702 ct
1510 1661 1664 1703 versuum
1689 1638 1771 1704 diri-

316 1741 439 1804 sionem
468 1738 692 1822 significarent
719 1741 927 1822 nesciebant,
957 1740 1099 1805 colorum
1128 1739 1248 1805 divisio
1276 1741 1384 1827 potior
1411 1761 1476 1802 non
1499 1738 1606 1806 videri
1628 1763 1695 1806 non
1718 1765 1771 1827 po·

316 1843 401 1910 tuit.
434 1841 594 1926 Perpauci
627 1851 752 1907 tantum
780 1864 895 1907 versus
924 1845 970 1908 ita
1000 1843 1037 1934 'in
1071 1840 1163 1907 libris
1201 1841 1319 1926 digesti
1352 1851 1443 1922 sunt,
1482 1851 1518 1906 ιιι
1549 1863 1664 1906 versus
1700 1842 1771 1906 finis

317 1942 423 2026 magis
452 1964 548 2028 quarn
581 1941 724 2008 colorum
757 1944 878 2008 divisio
909 1953 1083 2032 appareat,
1117 1967 1232 2008 versus
1268 1943 1342 2007 dico
1370 1965 1529 2006 canonum
1558 1944 1771 2008 iambicorurn

317 2045 462 2126 Ioannis,
485 2065 623 2131 quorum
645 2045 824 2110 artificiosa
845 2047 1037 2134 compositio
1066 2047 1222 2110 trimetris
1251 2045 1402 2109 versibus
1427 2045 1458 2108 in
1482 2068 1541 2109 sua
1563 2043 1635 2110 cola
1658 2045 1771 2108 solutis

317 2145 491 2210 obliterata
512 2147 650 2230 esset*),
674 2156 706 2210 ct
721 2148 931 2235 Theophanis
948 2147 1000 2214 vel
1015 2149 1148 2214 Ioannis
1165 2147 1300 2211 duorum
1317 2149 1495 2212 carminum
1513 2151 1559 2230 (v.
1578 2172 1608 2232 p.
1621 2147 1686 2210 240
1697 2149 1771 2232 aql,

317 2269 400 2334 quae
423 2249 470 2312 ita
492 2247 651 2314 adornata
674 2259 765 2333 sunt,
788 2259 825 2315 ut
840 2251 952 2315 literae
968 2249 1109 2315 initiales
1126 2272 1278 2314 versuum
1294 2248 1544 2313 acrostichidem
1561 2249 1771 2330 efficiant.**)

317 2349 411 2414 Idem
434 2351 535 2434 igitur
557 2352 591 2415 in
613 2351 801 2437 byzantinis
824 2353 993 2439 tropariis,
1017 2352 1103 2438 quocl
1126 2354 1159 2416 in
1182 2350 1381 2416 carminibus
1405 2361 1571 2439 poetarum
1596 2349 1770 2436 lyricorum

308 2461 349 2516 ct
371 2450 574 2516 scenicorum
602 2475 663 2516 usu
692 2456 799 2536 venit3
828 2475 903 2517 nam
931 2455 1009 2518 hacc
1037 2477 1166 2541 quoquc
1195 2455 1341 2518 carmina
1369 2455 1403 2517 in
1431 2453 1599 2518 codicibus
1630 2452 1708 2516 inde
1730 2451 1771 2514 ab

316 2555 603 2638 grammaticorum
625 2553 920 2620 Alexandrinorum
943 2557 1143 2643 temporibus
1167 2557 1213 2620 ita
1235 2564 1369 2620 exarata
1391 2577 1462 2618 cssc
1478 2564 1619 2635 constat,
1644 2565 1680 2618 ut
1703 2555 1772 2618 cola

317 2657 388 2720 sivo
411 2656 557 2720 membra
579 2653 703 2737 divisa,
728 2678 880 2720 versuum
903 2657 982 2723 fines
1005 2680 1069 2721 non
1092 2657 1267 2742 significati
1291 2658 1366 2721 sint.
1405 2654 1503 2735 Quod
1526 2657 1628 2740 igitur
1645 2655 1769 2722 Bocch-

316 2757 390 2822 hius
397 2807 407 2840 ,
430 2759 523 2822 cuius
547 2758 737 2821 memoriam
759 2758 813 2845 pie
834 2781 963 2846 semper
985 2759 1103 2840 colam,
1126 2761 1161 2822 in
1183 2759 1317 2823 Pindari
1340 2757 1539 2822 carminibus
1562 2756 1701 2823 edendis
1725 2760 1770 2822 in

317 2859 443 2941 stituit,
472 2857 650 2944 atquibus
673 2881 714 2924 cx
737 2861 881 2945 periodis
904 2883 1051 2948 quaeque
1079 2861 1213 2948 stropha
1239 2869 1419 2944 constaret,
1447 2862 1571 2946 primus
1601 2860 1771 2945 indagaret

252 2999 259 3016 ·
317 2971 350 3026 et
365 2959 467 3024 oculis
484 2959 640 3025 lectorum
664 2961 850 3046 subiiceret,
873 2963 958 3026 idom
982 2985 1041 3047 ego
1065 2965 1097 3026 in
1121 2959 1171 3026 his
1195 2962 1394 3027 carminibus
1411 2961 1599 3027 christianis
1621 2960 1771 3044 digeren-

317 3063 369 3126 dis
392 3064 557 3150 spcctavi,
580 3073 617 3127 ut
640 3077 672 3126 ct
688 3085 802 3128 versus
826 3075 858 3126 ct
879 3063 950 3127 cola
971 3053 1151 3128 dividenda
1173 3085 1331 3129 curarem.
1375 3063 1489 3150 Neque
1511 3073 1619 3128 tamen
1642 3063 1770 3142 iisdem,

317 3164 435 3250 quibus
467 3163 538 3247 ille,
566 3163 698 3228 indiciis
721 3165 756 3227 in
779 3164 922 3250 periodis
946 3165 1139 3230 dirimendis
1162 3189 1239 3231 usus
1263 3179 1345 3236 sum.
1389 3165 1524 3230 Veteres
1547 3165 1633 3230 enim
1658 3175 1771 3251 poetae

317 3267 411 3356 lyrici
435 3275 468 3330 et
490 3266 611 3329 scenici
628 3288 740 3330 versus
762 3266 825 3329 fine
847 3289 1024 3353 numquam
1039 3267 1232 3332 vocabulum
1255 3269 1301 3332 ita
1323 3266 1548 3348 dissecabant,
1572 3277 1609 3330 ut
1630 3269 1771 3354 priorem

317 3366 410 3433 verbi
439 3377 564 3454 partem
599 3367 716 3455 priori,
750 3369 899 3454 sequenti
927 3371 1038 3432 versui
1066 3371 1279 3455 posteriorem
1306 3369 1516 3456 tribuerentp
1540 3377 1712 3454 praeterea
1741 3371 1771 3431 in

316 3472 381 3535 fine
404 3492 519 3534 versus
541 3471 614 3533 sive
636 3469 761 3557 periodi
784 3491 889 3556 neque
910 3472 1088 3557 ancipitem
1104 3469 1265 3559 syllabam
1289 3491 1394 3555 neque
1416 3468 1555 3550 hiatum,
1579 3491 1677 3555 quem
1698 3470 1772 3534 aliis

317 3573 396 3636 locis
425 3571 538 3636 sedulo
568 3572 732 3654 vitabant,
766 3573 939 3637 admittere
968 3571 1173 3638 dubitabant.
1225 3561 1285 3636 His
1315 3571 1415 3655 igitur
1444 3571 1549 3636 tribus
1578 3573 1711 3637 iudiciis
1741 3574 1772 3636 in

318 3672 484 3736 veteribus
513 3674 713 3739 carminibus
742 3675 873 3754 utimur,
903 3683 953 3754 ut,
982 3696 1046 3760 quo
1074 3671 1144 3738 loco
1166 3673 1287 3758 singuli
1311 3695 1424 3736 versus
1446 3673 1612 3756 liniantur,
1636 3696 1773 3758 cognos-

318 3847 490 3856 ...-—---.-
498 3847 546 3853 --.

388 3961 413 4026 ¹²)
432 3963 494 4014 Uno
513 3969 606 4015 tamen
629 3963 700 4026 loco',
730 3982 790 4016 can.
810 3967 852 4016 111
871 3967 913 4015 od.
933 3957 957 4016 θ’
975 3983 1000 4018 v.
1020 3969 1049 4030 4,
1069 3971 1085 4018 b
1112 3965 1230 4016 melodia
1253 3966 1418 4031 Hirmologii
1442 3981 1467 4030 p.
1487 3967 1536 4015 407
1561 3966 1596 4015 ab
1620 3953 1772 4016 iamborum

318 4049 454 4100 divisione
474 4052 502 4098 in
520 4050 592 4099 bunc
612 4051 718 4100 modurn
739 4052 865 4102 recessit:
1078 4043 1097 4080 ‘

445 4150 572 4185 versuum
590 4135 704 4186 divisio:
726 4136 833 4202 ἰλιγγιᾷ
852 4136 882 4187 δὲ
901 4139 968 4186 νοῦτ
986 4134 1059 4187 duat
1079 4148 1128 4186 tou
1145 4134 1198 4185 τὸν
1216 4133 1302 4186 τόκον

723 4225 812 4272 νοεῖν·
831 4221 899 4272 ὅθεν
916 4235 945 4272 τε
964 4221 1014 4272 (bv
1032 4219 1116 4285 πόθῳ
1134 4218 1294 4282 δοξάζομεν.

420 4305 556 4358 modorum
574 4306 688 4357 divisio:
726 4305 835 4372 Ἰλιγγιᾷ
853 4305 883 4358 δὲ
901 4307 968 4357 νοῠτ
986 4304 1060 4357 duat
1078 4318 1127 4356 του
1145 4303 1198 4356 τὸν
1215 4302 1302 4356 τόκον
1321 4307 1409 4356 νοεῖν·

723 4391 791 4443 ὅθεν
809 4405 837 4442 ιε
855 4389 907 4442 (br
926 4389 1008 4457 πόθῳ
1027 4387 1187 4451 δοξάζομεν.
1225 4376 1231 4388 ’

385 4475 425 4536 ⁸⁸)
453 4475 485 4525 ln
508 4477 560 4527 hoc
583 4491 690 4540 quoque
713 4478 835 4526 carmine
854 4476 973 4526 melodia
991 4474 1158 4538 Hirmologii
1176 4491 1201 4539 p.
1220 4477 1270 4525 ³09
1290 4490 1306 4522 a
1324 4475 1459 4526 divisione
1484 4488 1629 4536 versuum,
1660 4474 1771 4538 qualern
1866 4531 1867 4542 γ

317 4560 481 4610 acrostichis
500 4561 618 4622 indicat,
639 4563 678 4611 ita
696 4561 850 4625 discrepat,
870 4565 899 4609 ut
917 4566 1017 4626 quarta
1036 4559 1164 4624 periodus
1184 4559 1218 4608 ab
1237 4557 1280 4610 διὸ
1299 4558 1345 4610 καί
1364 4554 1479 4623 χαίρων,
1499 4573 1551 4608 nou
1571 4559 1607 4608 ab
1627 4557 1771 4622 εὐλογεῖτε
1866 4549 1867 4592 l

316 4643 426 4707 πάντα,
454 4650 484 4694 ut
506 4645 637 4705 debebat,
671 4647 779 4694 initium
803 4645 888 4710 capit.
940 4647 1002 4707 era
1026 4653 1116 4694 autem
1145 4645 1254 4693 ratione
1278 4643 1461 4708 Theophanes
1485 4643 1529 4694 vel
1553 4645 1674 4694 Ioannes
1699 4643 1772 4706 (vide

317 4735 398 4779 notas
417 4746 442 4794 p.
456 4731 516 4791 aab)
537 4731 565 4778 in
584 4729 635 4778 hoc
654 4731 775 4780 carmine
795 4743 861 4780 usus
880 4737 935 4792 est,
956 4745 1016 4779 eam
1035 4729 1182 4793 Georgium
1201 4729 1321 4779 Siculum
1343 4734 1372 4779 et
1390 4726 1417 4778 S.
1437 4728 1662 4779 Bertlrolomeurn
1681 4730 1771 4778 imita-

317 4821 359 4864 tos
378 4829 437 4864 esse
458 4814 535 4863 Pitra
553 4815 704 4880 Hymnogr.
724 4831 749 4882 p.
771 4815 803 4865 18
822 4819 923 4866 monet.
