3800 5474
521 398 587 453 hlB.
604 399 624 452 l.
654 398 702 452 Dll
719 395 848 452 Pontis
862 397 1091 454 CHRISTIANIS
1107 396 1272 453 GRAECIS.

172 545 206 611 in
229 553 340 627 sexto,
364 543 563 629 logaoedicis
588 542 760 610 versiculis

578 669 838 717 oe-e„-„2
861 644 1158 718 salmes-.

172 750 207 814 in
229 750 367 836 septimo
391 757 507 814 octavo
529 769 632 830 nono,
656 746 852 832 tetrapediiu
875 745 1063 834 spondaicis
1086 745 1285 813 catalecticis

174 954 209 1017 in
237 953 367 1038 quinto,
402 951 542 1037 denique
575 951 793 1038 anapaesticis
827 952 1038 1017 monometris
1071 951 1105 1016 in
1132 948 1267 1037 reliquis
1297 949 1427 1036 hymnis
1455 972 1534 1014 usus
1565 959 1632 1033 est,

176 1061 392 1120 monometros
425 1054 510 1118 en'rm
540 1051 767 1139 anapaesticos
798 1053 936 1138 ubique,
968 1052 1118 1118 codicum
1151 1051 1248 1116 fidem
1282 1061 1430 1133 secutus,
1465 1053 1631 1136 constitui,

177 1154 329 1240 quoniam
358 1153 489 1220 lieentia
516 1151 625 1220 hiatus
654 1165 686 1218 et
713 1152 860 1242 syllabae
888 1152 1042 1240 ancipitis
1071 1151 1267 1218 creberrime
1290 1155 1325 1218 in
1348 1153 1410 1218 fine
1438 1137 1633 1222 monometri

179 1256 343 1340 admissa,
366 1278 406 1321 ne
429 1256 508 1321 bina
530 1266 634 1322 metra
656 1257 726 1321 sive
755 1265 930 1342 quaternos
958 1253 1058 1341 pedes
1083 1257 1116 1319 iu
1140 1254 1270 1340 singula
1292 1253 1362 1320 cola
1391 1256 1632 1342 coniungerem,

179 1358 364 1445 prohibuit3
388 1357 475 1422 idem
498 1368 606 1423 autem
628 1356 715 1444 quod
738 1377 860 1443 paucos
877 1356 1189 1444 hypercatalecticos
1211 1366 1429 1423 monometros
1452 1357 1524 1421 siv'e
1546 1367 1634 1422 cata·
1723 1423 1731 1440 ,

181 1460 314 1526 lecticas
337 1459 498 1546 tripudias
521 1457 854 1542 (111‚41,141,166)
877 1458 1073 1524 coniecturis
1095 1457 1309 1524 removendas
1333 1457 1430 1539 duni,
1454 1479 1571 1524 vereor
1592 1482 1632 1523 ne

182 1560 320 1626 calidius
343 1561 487 1627 fecerim.
525 1561 611 1626 Nam
625 1561 777 1626 Plautum
793 1581 923 1677 quoque
945 1560 1105 1625 comicum
1128 1559 1522 1646 tripudiis'anapaesticis
1544 1572 1632 1626 cata·

180 1663 304 1728 lecticis
327 1662 479 1748 dipodius
502 1661 766 1728 acatalecticus
758 1662 989 1742 immiscuisse,
1019 1681 1122 1750 nuper
1140 1662 1175 1726 in
1197 1661 1437 1726 commentariis
1457 1662 1633 1727 bavaricae

179 1763 377 1830 Academiae
399 1787 430 1829 a.
456 1765 534 1829 1811
559 1788 591 1849 p.
613 1764 655 1828 49
678 1763 911 1828 demonstravi

264 1865 363 1946 Quod
385 1887 464 1931 vero
487 1865 614 1930 domnas
636 1865 718 1931 odas
741 1887 776 1930 se
798 1886 915 1930 canere
937 1865 985 1950 (Ι,
1008 1866 1043 1952 4)
1067 1874 1099 1929 et
1123 1863 1242 1930 doricis
1270 1815 1376 1930 modis
1399 1863 1491 1951 lyrae
1513 1886 1632 1931 nervos

179 1967 348 2032 intendere
380 1967 504 2052 (VIII,
521 1967 553 2051 1)
590 1965 749 2052 Synesius
787 1965 885 2048 dicit,
924 1987 1005 2032 cave
1042 1965 1082 2030 de
1119 1967 1232 2032 dorica
1268 1965 1437 2031 harmonia
1468 1966 1632 2032 doricisve

179 2070 323 2134 numeris
346 2069 582 2156 interpreteris.
626 2067 733 2134 Unius
756 2070 843 2133 enim
865 2068 972 2156 quinti
993 2067 1109 2154 hymni
1130 2068 1256 2134 numeri
1279 2070 1479 2152 gravitatem
1501 2068 1632 2133 doricae

178 2168 369 2236 harmoniae
391 2191 470 2256 prae
492 2193 527 2235 se
549 2170 675 2254 ferumt3
698 2167 815 2256 reliqui
839 2178 1041 2256 quantopere
1063 2169 1105 2236 ab
1121 2191 1161 2234 ea
1181 2169 1396 2251 abhorreant,
1420 2191 1462 2234 ex
1484 2169 1525 2235 iis
1548 2191 1632 2257 quae

178 2273 220 2336 A.
237 2270 424 2338 Boeekhius
446 2271 488 2336 de
509 2269 671 2358 rhythmis
693 2270 794 2335 doriis
817 2271 852 2335 in
874 2269 958 2336 libro
974 2270 1015 2336 de
1030 2271 1141 2336 metris
1157 2270 1294 2336 Pindari
1310 2295 1340 2357 p.
1356 2271 1420 2337 280
1435 2271 1631 2362 disputavit,

178 2372 275 2438 facile
305 2372 486 2459 intellegas.
530 2372 635 2438 Immo
657 2393 735 2438 vero
764 2371 895 2438 doricae
922 2371 1006 2437 odae
1035 2394 1154 2439 nomen
1181 2373 1224 2437 ad
1252 2373 1487 2438 sententiarum
1510 2375 1632 2439 severi·

178 2483 279 2540 tatem
306 2485 405 2562 atque
433 2474 674 2552 sublimitatem,
693 2472 833 2539 relatum
861 2472 1005 2540 voluisse
1033 2483 1131 2560 poeta
1158 2475 1303 2555 videtur,
1333 2481 1370 2539 ut
1391 2474 1453 2541 hoc
1474 2496 1576 2560 grave
1599 2487 1633 2544 et

179 2575 330 2641 decorum
353 2585 540 2663 poematum
561 2597 664 2661 genua
685 2572 887 2662 petulantiae
909 2585 943 2641 et
964 2575 1092 2641 levitati
1120 2575 1210 2642 lusus
1239 2576 1391 2642 amatorii
1413 2576 1632 2642 Anacreontis

177 2678 266 2743 Ionis
289 2687 322 2742 et
344 2677 457 2743 Alcaei
479 2676 695 2764 Sapphusque
708 2675 848 2742 Aeolum
871 2674 1059 2763 obstrepere
1080 2677 1293 2762 significaret.
1330 2677 1502 2742 Praeterea
1524 2679 1632 2744 ionica

178 2777 337 2860 dialecto,
366 2801 429 2866 qua
456 2781 755 2844 Anacreonteorum
785 2788 932 2842 auctores
961 2799 1035 2842 cum
1065 2776 1122 2843 alii
1152 2788 1221 2844 tum
1250 2778 1431 2864 Gregorius
1460 2777 1631 2864 theologus

176 2882 225 2946 uti
241 2887 494 2963 consueverunt,
518 2889 629 2967 spreta
650 2879 778 2946 doricas
794 2878 918 2946 formas
935 2877 1110 2944 verberum
1126 2878 1283 2945 adhibere
1298 2881 1422 2962 maluit,
1446 2901 1509 2966 quo
1524 2883 1630 2967 magis

177 2991 284 3047 tumor
306 2981 468 3047 vocalium
491 2981 675 3048 doricarum
698 3001 771 3044 cum
792 2981 958 3064 gravitate
981 2982 1216 3047 sententiarum
1239 2983 1433 3048 concineret.
1470 2982 1555 3047 Nam
1571 3005 1632 3049 sua

177 3081 311 3169 patria,'
327 3106 424 3170 quam
447 3106 468 3148 a
488 3082 634 3149 Doribus
657 3082 734 3147 olim
761 3081 928 3148 conditam
952 3104 1023 3148 esse
1045 3093 1189 3165 constat,
1213 3083 1295 3149 nihil
1316 3093 1432 3170 poeta,
1460 3094 1497 3148 ut
1519 3085 1631 3151 dorica

176 3186 380 3273 potissimum
408 3185 550 3251 dialecto
579 3193 736 3263 uteretur,
767 3195 947 3250 commotus
970 3206 1042 3249 esse
1065 3185 1206 3252 videtur.
1252 3184 1407 3271 Vulgaris
1430 3196 1540 3251 autem
1562 3185 1629 3252 dia-

177 3287 254 3352 lecti
275 3287 414 3370 formas,
438 3309 521 3374 quae
543 3275 665 3352 multae
686 3287 721 3350 in
744 3295 870 3352 textum
893 3286 1087 3373 hymnorum
1109 3288 1325 3374 irrepserunt,
1355 3309 1523 3353 removere
1545 3287 1631 3353 dori-

176 3391 287 3476 cisque
313 3390 426 3454 formis
455 3399 655 3456 commutare
682 3389 928 3464 sine‚codicum
952 3388 1075 3456 auxilio
1098 3387 1339 3470 dubitavimus,
1363 3390 1450 3474 quod
1471 3391 1630 3476 ancipites

175 3491 408 3572 haerebamus,
446 3491 526 3578 quid
564 3490 746 3556 scribarum
779 3489 1068 3556 somniculosorum
1103 3491 1221 3572 errori,
1262 3488 1341 3576 quid
1377 3501 1493 3577 poetae
1525 3491 1629 3577 ipsius

176 3591 418 3678 neglegentiae,
451 3593 591 3678 denique
625 3592 705 3679 quid
732 3589 893 3658 limitibus
923 3587 1135 3657 dialectemm
1164 3613 1277 3678 parum
1306 3589 1458 3656 discretis
1486 3592 1629 3658 tribuen-

175 3693 255 3758 dum
277 3703 374 3758 esset.

261 3795 316 3859 Ad
336 3805 537 3882 postremum
559 3805 605 3872 ut,
622 3817 704 3882 quae
720 3797 837 3861 critica
852 3793 1001 3861 subsidia
1015 3796 1050 3860 in
1065 3795 1193 3882 hymnis
1211 3797 1344 3882 Synesii
1358 3797 1629 3881 recognoscendis

175 3897 363 3978 habuerim,
390 3898 487 3964 brevi
514 3919 680 3980 moneam,
709 3907 774 3963 tres
802 3896 931 3964 codices
953 3897 1167 3964 Monacenses
1190 3898 1336 3981 excussi,
1366 3919 1502 3984 quorum
1525 3900 1629 3986 primo

177 4000 236 4082 (Α)
259 4019 345 4064 saec.
361 3999 450 4064 XllI
473 3998 527 4065 vel
549 4000 633 4065 XIV
655 4009 804 4078 exarato,
828 3996 886 4064 sed
908 3999 1018 4064 multis
1041 4002 1234 4065 correcturis
1258 3999 1432 4067 defoedato
1456 4001 1521 4065 iam
1544 3999 1629 4066 Oan-

176 4111 282 4183 terus,
305 4102 361 4187 qui
377 4100 528 4167 Basileus
550 4124 580 4166 a.
599 4101 679 4166 1567
702 4100 818 4167 horum
840 4099 1034 4188 hymnorum
1057 4101 1234 4168 editionem
1257 4103 1455 4188 procuravit,
1477 4123 1511 4165 se
1534 4123 1628 4166 usum

175 4211 326 4283 testatur,
359 4202 441 4268 alter
463 4203 526 4288 (Μ)
555 4203 797 4268 recentissimus
825 4213 874 4269 tot
901 4204 1008 4269 varias
1042 4203 1213 4286 lectiones,
1247 4225 1289 4268 ex
1316 4201 1382 4267 alio
1410 4201 1493 4268 lihro
1516 4202 1629 4288 procul

177 4303 277 4370 dubio
305 4313 469 4385 enotatas,
503 4305 539 4369 in
566 4305 713 4390 margine
742 4314 775 4370 et
802 4325 903 4390 supra
929 4304 1048 4371 lineam
1076 4305 1261 4391 adscriptas
1290 4303 1403 4387 habet,
1431 4313 1468 4368 ut
1491 4302 1629 4369 duorum

176 4407 323 4471 codicum
346 4408 418 4472 vice
440 4406 608 4492 fungatur.
654 4405 837 4472 Pleniorem
871 4415 979 4472 autem
1010 4407 1161 4472 notitiam
1194 4405 1309 4470 horum
1338 4404 1487 4471 codicum
1515 4403 1627 4468 Mona·

176 4508 321 4572 censium
344 4510 400 4594 qui
422 4506 605 4589 desiderat,
635 4507 769 4573 Hardtii
792 4506 987 4593 Catalogum
1009 4508 1158 4573 codicum
1180 4507 1474 4593 manuscriptorum
1496 4528 1628 4592 graeco-

176 4631 247 4674 rum
279 4608 499 4676 bibliothecae
531 4611 641 4695 rogiae
673 4610 848 4674 bavaricae
880 4609 933 4674 vel
961 4610 1161 4694 Krabingeri
1190 4609 1321 4695 Synesii
1349 4631 1482 4694 operum
1509 4608 1627 4673 tom.I

176 4711 279 4796 praef.
303 4712 337 4777 X
359 4721 392 4778 et
413 4712 499 4777 XIV
520 4711 662 4812 evolvat.
707 4710 784 4776 Alio
808 4710 959 4776 delente
987 4731 1088 4797 eoque
1116 4708 1280 4778 nonnullis
1308 4709 1458 4776 versibus
1485 4709 1627 4796 locuple-

176 4813 258 4879 tiore
279 4813 362 4898 (IX,
386 4816 506 4897 1-11,
532 4813 588 4898 15,
609 4813 668 4896 21,
690 4812 843 4898 27-29)
876 4811 1046 4879 descendit
1076 4812 1180 4878 codex
1206 4812 1375 4879 Parisinus
1397 4833 1430 4876 n.
1455 4811 1536 4877 1039
1559 4812 1627 4897 (Ρ),

139 2221 175 2276 ἱ
