3800 5474
311 417 379 478 LlB.
396 418 441 474 ΙΙΙ.
464 417 512 474 DE
528 415 754 474 RHYTHMICIS
768 415 922 472 LEGIBUS
938 416 1133 474 CARMINUM
1148 417 1448 473 BYZANTINORUM.
1532 415 1605 472 XCV

641 566 776 632 Ἀνοίξω
799 568 837 631 τὸ
860 565 957 645 ττόμα
978 587 1041 646 μου

451 724 466 740 .
681 669 732 732 καί
754 667 995 748 πληρωθήτεται
1017 668 1187 749 θαύματος.
1243 739 1246 746 ,

369 772 583 850 Χριετοῦι
556 769 665 860 βίβλον
686 769 835 849 ἔμψυχον
858 766 902 851 Ιέ
903 769 1076 851 τφραγίτμέ
1077 789 1137 847 νην
1160 789 1193 834 τε
1215 769 1381 848 πνεύματι.

151 873 328 938 Praeterea
349 893 422 936 cum
445 870 584 936 duorum
606 868 661 934 vel
682 869 781 934 trium
803 891 954 934 versuum
978 869 1066 934 modi
1080 867 1169 934 haud
1184 891 1257 934 raro
1272 871 1319 934 ita
1340 871 1545 952 cohaereant,
1568 877 1605 934 ut

152 974 255 1040 maior
277 973 392 1037 incisio
414 975 447 1037 in
471 971 536 1036 fine
558 971 697 1036 extremi
713 992 827 1034 versus
847 969 920 1052 fiat,
944 971 1028 1036 hane
1042 994 1169 1058 quoque
1184 972 1343 1036 rationem
1360 971 1605 1060 typographicis

151 1073 358 1140 adminiculis
380 1073 442 1139 hoc
464 1073 586 1161 duplici
610 1073 704 1138 modo
726 1071 872 1136 indicavi
895 1095 925 1158 p.
950 1073 989 1137 81
1014 1083 1045 1136 et
1070 1073 1145 1136 129:

602 1175 643 1240 Ὢ
664 1179 724 1240 τοῦ
746 1175 932 1255 παραδόξου
955 1175 1115 1254 θαύματος

712 1278 739 1342 ὢ
763 1277 932 1358 μυετηρίου
955 1277 1082 1342 κωνοῦί

642 1380 670 1444 ὢ
692 1381 825 1459 φρικτῆε
847 1378 1071 1458 ἑγχειρήεεωτί

710 1481 730 1559 ἡ
753 1481 914 1561 παρθένος
936 1479 1056 1557 ἔλεγεν.

398 1585 570 1662 Βατιηλικῶτ
591 1603 645 1661 μοι
668 1581 860 1662 ὑπέγραψατ
883 1583 886 1667 Ι
912 1582 1095 1661 ἐλευθερίαν
1120 1587 1237 1670 βαφαῖς

461 1685 609 1764 ἐρυθραῑ(
630 1689 696 1749 τῶν
718 1683 887 1750 δακτύλων
910 1703 968 1748 (ου
992 1683 996 1768 Ι
1020 1683 1214 1764 αἱματώτατ,
1238 1687 1385 1751 δέτποτα.

149 1790 261 1874 Atque
289 1786 373 1851 hanc
405 1784 536 1871 quidem
569 1783 784 1871 complurium
818 1805 972 1848 versuum
1003 1783 1340 1870 comprehensionem,
1368 1808 1466 1872 quarn
1494 1796 1605 1851 vetere

149 1891 281 1956 nominc
302 1891 477 1969 περικοπή(
499 1886 607 1950 dicere
628 1885 708 1949 mihi
736 1884 848 1969 liceat,
882 1884 1049 1949 veteribus
1082 1908 1210 1973 quoque
1241 1888 1347 1974 poetis
1380 1888 1542 1970 cognitam
1574 1898 1607 1954 et

150 2001 340 2078 usurpatam
363 1989 465 2053 fuisse
487 2008 590 2073 nuper
612 1984 812 2051 intellectum
835 1995 868 2051 et
890 1985 933 2050 ab
948 1985 1149 2055 Rossbachio
1168 1987 1373 2074 Westphalio
1389 1987 1605 2055 Brambachio

150 2092 332 2158 Schmidtio
366 2089 479 2155 subtili
512 2089 633 2154 iudicio
667 2088 923 2153 demonstratum
956 2098 1015 2154 cst.
1060 2091 1172 2176 Atque
1204 2090 1238 2153 in
1271 2089 1439 2155 veteribus
1473 2089 1606 2177 quidem

150 2193 352 2259 carminibus
379 2191 475 2256 huius
503 2195 550 2255 rei
578 2199 769 2276 arguimenta
790 2211 832 2253 ex
853 2211 1062 2254 numerorum
1090 2190 1200 2257 indole
1222 2199 1255 2256 et
1277 2193 1511 2256 sententiarum
1535 2192 1605 2256 fini-

151 2298 212 2360 bus
235 2291 414 2380 repetenda
435 2295 528 2373 sunt,
550 2291 585 2355 in
608 2290 795 2378 byzantinis
818 2301 932 2378 aperta
954 2302 987 2358 et
1008 2279 1172 2358 luculenta
1199 2293 1392 2358 testimonia.
1412 2293 1605 2358 modulatio·

149 2419 209 2460 nes
231 2398 390 2482 praebent
398 2411 411 2476 ,·
431 2394 488 2458 sed
510 2415 551 2458 ne
574 2395 809 2458 sententiarum
831 2393 964 2480 quidem
992 2394 1115 2460 indicia
1143 2393 1240 2482 plene
1268 2395 1404 2471 desunt;
1432 2393 1605 2482 plerasque

151 2498 239 2562 enim
270 2497 442 2584 pericopae
476 2496 596 2560 maiore
634 2495 904 2580 interpunctione
933 2494 1143 2578 clauduntur,
1176 2498 1209 2562 id
1245 2498 1331 2584 quod
1360 2495 1502 2582 strophis
1532 2519 1604 2561 cum

152 2598 227 2664 aliis
251 2608 318 2664 tum
341 2598 556 2678 l'lpocouoimr
578 2597 628 2661 IV
649 2598 734 2660 inter
756 2619 791 2660 sc
813 2598 1009 2689 comparatis
1032 2597 1243 2664 manifestum
1264 2599 1311 2664 fit.

237 2699 324 2764 Huic
352 2697 494 2764 secundo
523 2699 625 2785 capiti
653 2699 693 2763 de
716 2698 866 2764 versibus
890 2708 922 2764 et
943 2700 1085 2785 periodis
1108 2700 1194 2764 hunc
1216 2701 1313 2764 finem
1335 2702 1503 2787 imponere
1530 2723 1605 2766 con-

150 2803 333 2882 stituimus‚
357 2811 394 2865 ut
416 2799 540 2886 aliquot
563 2800 715 2886 exempla
737 2821 891 2866 versuum
914 2822 987 2865 cum
1010 2804 1077 2866 suis
1100 2801 1275 2867 schematis
1296 2823 1510 2889 apponerem,
1534 2803 1603 2890 qui-

150 2905 270 2970 bus-in
293 2900 451 2988 exemplis
475 2900 659 2986 selegendis
682 2902 717 2966 id
740 2903 945 2989 potissimum
968 2906 1036 2987 egi,
1065 2911 1116 2967 ut·
1132 2905 1325 2988 byzantinos
1349 2904 1494 2968 melodos
1517 2916 1605 2970 vete-

150 3029 224 3070 rum
249 3015 417 3092 poetarum
446 3026 559 3068 versus
587 3025 646 3068 suo
673 3025 762 3069 more
784 3005 927 3070 imitatos
950 3027 1023 3069 esse
1045 3005 1312 3071 demonstrarem.
1356 3005 1472 3070 Medos
1496 3015 1605 3071 autem

150 3129 306 3172 versuum
334 3107 390 3192 qui
419 3126 615 3190 cognoscere
644 3105 738 3188 velit,
767 3127 809 3170 ex
836 3105 944 3170 indice
973 3109 1168 3190 carminum,
1198 3131 1261 3196 quo
1289 3129 1436 3196 quaeque
1463 3107 1606 3173 melodia

150 3217 277 3300 exstet,
300 3219 485 3294 cognoscat.

443 3375 619 3444 VERSUS
641 3377 892 3444 D-AOTYLIOI
914 3379 974 3444 ΕΤ
997 3377 1316 3444 ANAPAESTIOI.

368 3517 574 3582 ²··³··³'·l
836 3559 858 3570 ..
875 3547 1402 3572 υυυυυυυυυυυυυυυ

258 3617 278 3695 ἡ
301 3620 379 3698 μετὰ
401 3618 498 3683 τόκον
521 3618 681 3695 παρθένου
705 3616 709 3701 Ι
733 3617 783 3680 καὶ
806 3617 884 3697 μετὰ
905 3617 1045 3683 θάνατον
1067 3620 1153 3683 ἰῶτα
1175 3615 1299 3700 (Oeam.
1323 3616 1371 3680 VI
1394 3617 1433 3698 θ’,
1456 3617 1491 3700 5)

369 3756 374 3784 :
395 3775 400 3787 .
420 3776 426 3790 .
444 3738 450 3786 ἓ
470 3777 476 3790 .
495 3776 501 3788 .
520 3738 526 3783 ἓ
546 3775 553 3789 .
577 3733 581 3798 Ι
615 3753 621 3782 2
641 3753 1294 3790 .................

259 3839 291 3903 nl
313 3839 496 3920 μυροφόροι
517 3841 664 3915 γυναῖκες
689 3837 693 3922 Ι
717 3836 839 3917 ὄρθρου
862 3840 976 3919 βαθέα(
1000 3839 1117 3922 (Ἰδιομ.
1140 3842 1199 3903 τοῦ
1221 3838 1334 3918 Πάτχα
1357 3860 1388 3902 v.
1416 3839 1467 3920 15)

368 3957 581 4022 τ..Ξ..,τ.Ι
615 3958 698 4009 τ..“
691 3976 1328 4012 .................

259 4063 325 4125 τῶν
349 4059 513 4138 οὐρανίων
536 4059 707 4138 ταγμάτων
732 4058 736 4143 Ι
759 4058 798 4123 τὸ
820 4056 1000 4140 ἀγαλλίαμα
1023 4058 1178 4141 (Προτομ.
1201 4057 1256 4141 ΙΙ,
1283 4060 1314 4142 l)

258 4280 277 4358 ἡ
300 4281 417 4360 βατιλὶ(
438 4285 503 4345 τῶν
527 4177 756 4360 ὡΙτῶν
646 4279 650 4364 Ι
674 4287 713 4362 τῇ
735 4279 960 4362 λαμπροφόρῳ
981 4279 1083 4364 ἡμέρᾳ
1107 4276 1210 4362 (Ioan.
1224 4277 1266 4360 V,
1289 4299 1310 4342 α
1310 4277 1360 4360 ’9,
1386 4277 1491 4342 Hinn.
1504 4279 1582 4361 385)
1659 4245 1665 4254 ’

258 4501 293 4566 ἐκ
314 4457 436 4581 πατρὸτ
457 4397 643 4580 γενντΙθέντι
667 4499 672 4585 Ι
695 4498 877 4580 deperierint
900 4499 959 4585 υἱῷ
981 4498 1104 4580 (Cosm.
1128 4497 1176 4562 Vl
1199 4496 1235 4574 θ’,
1257 4498 1293 4582 5)
1306 4498 1337 4580 *)

219 4689 245 4755 *)
263 4691 317 4740 Hic
333 4705 429 4742 versus
447 4695 537 4740 utrum
555 4691 584 4740 in
602 4689 655 4740 duc
675 4688 737 4738 colu
755 4686 934 4739 disserendus
952 4687 990 4739 sit
1007 4703 1105 4752 necne,
1124 4687 1247 4738 dubitari
1265 4701 1345 4752 posse
1364 4685 1455 4748 video,
1475 4685 1603 4750 quonium

146 4792 204 4828 nec
223 4773 310 4826 modis
330 4775 403 4840 (ride
420 4775 508 4826 Hirm.
527 4773 604 4839 cel),
623 4778 653 4824 ut
670 4789 777 4824 versum
796 4771 967 4836 dividamus,
987 4773 1122 4838 cogimur,
1142 4777 1171 4822 et
1188 4775 1349 4836 qrrntsrnum
1367 4771 1466 4837 pedum
1486 4785 1604 4835 anapae-

146 4863 338 4930 paestirorum
362 4859 431 4910 eolis
455 4859 522 4910 nihil
546 4860 718 4923 frequentius
737 4858 809 4924 apud
834 4863 941 4908 veteres
961 4862 1058 4922 poetas
1076 4857 1162 4907 luisse
1182 4861 1300 4907 constat.
1337 4855 1391 4906 Sed
1410 4871 1525 4906 caesura
1544 4863 1605 4920 post
