3800 5474
287 377 401 434 XXXVI
867 376 1148 434 Pauuucousus.

282 526 479 590 mentionem
498 526 656 589 canonum
671 523 754 588 falso
769 525 986 589 immiscuisse
1001 525 1071 590 veri
1086 521 1286 589 simillimum
1302 532 1361 587 est.
1398 525 1502 589 Primi
1516 533 1625 588 autem
1640 546 1735 588 cano·

280 650 358 692 num
387 629 578 714 scriptores,
608 625 758 691 Andreas
782 624 965 711 Cretensis,
994 626 1133 692 Ioannes
1155 625 1395 711 Damascenus,
1423 626 1559 690 Cosmus
1582 626 1735 690 Hieroso·

279 727 456 815 lymitanus
480 737 595 794 octavo
618 728 749 794 saeculo
771 728 965 812 floruerunt;
988 736 1086 815 atque
1101 726 1165 792 duo
1180 729 1377 814 posteriores
1394 749 1520 792 summa
1535 729 1623 792 fama
1644 727 1733 814 apud

280 831 481 916 Byzantinos
505 829 756 896 celebrabantur
778 839 811 895 et
833 831 1019 894 etiamnunc
1041 828 1260 915 celebrantur,
1289 849 1464 916 eorumque
1486 831 1631 894 carmina
1652 828 1734 894 adeo

279 931 472 1017 aequalibus
500 941 532 997 et
563 933 701 1019 posteris
730 932 971 1019 probabantur,
1000 940 1037 997 ut
1058 933 1092 996 in
1115 931 1264 998 omnibus
1294 931 1440 998 ecclesiis
1467 933 1595 1016 graccis
1625 941 1733 995 canta—

279 1042 394 1098 rentur
415 1057 520 1122 noque
543 1057 697 1121 umquam
726 1033 850 1099 cantari
878 1033 1076 1099 desinerent.
1121 1035 1271 1121 Ipsorum
1301 1055 1378 1098 vero
1405 1035 1583 1098 auctoritas
1611 1033 1735 1100 formae

279 1159 407 1224 quoque
429 1139 576 1222 canonis,
599 1159 664 1223 qua
686 1144 812 1200 tantum
834 1157 899 1200 non
922 1137 1030 1200 omnia
1052 1157 1111 1200 sua
1133 1137 1280 1201 carmina
1302 1134 1515 1219 incluserunt,
1539 1136 1734 1221 dignitatern

279 1240 388 1323 arixit,
412 1262 476 1326 quo
499 1239 621 1306 factum
645 1249 708 1323 est,
732 1246 854 1302 utnon
878 1236 982 1303 solum
1005 1239 1150 1302 carmina
1170 1238 1299 1302 illorum
1323 1239 1411 1325 ipsa,
1435 1237 1608 1302 sedetiam
1630 1238 1735 1302 forma

281 1362 393 1405 eorum
415 1343 570 1406 canonico
594 1340 735 1428 quodam
758 1340 830 1402 iure
852 1339 1024 1406 frueretur.
1448 1403 1453 1412 ,

362 1443 473 1529 Atque
501 1442 640 1508 Ioannes
671 1451 717 1510 et.
730 1442 864 1507 Cosmus
894 1443 1077 1530 praecipuis
1106 1440 1263 1508 ecclesiae
1290 1463 1428 1528 graecae
1461 1441 1733 1525 solemnitatibus,

277 1551 333 1626 τῆς
356 1549 515 1626 ὑψώςευις
536 1550 596 1611 τοῦ
617 1551 771 1626 τταυροῦ,
794 1551 859 1612 τιῦν
876 1547 1150 1626 Χριςτουγέννων,
1172 1549 1228 1624 τῆς
1243 1545 1445 1628 Θεοφανῖας,
1467 1549 1523 1624 τῆς
1545 1544 1733 1622 ὑπαπαντῆς

278 1653 337 1714 τοῦ
369 1649 496 1730 κυρίου,
531 1654 596 1714 τιῦν
626 1649 742 1729 Βαῖυιν,
771 1652 827 1727 τῆς
854 1649 998 1728 πέμπτης
1026 1651 1082 1727 τῆς
1104 1647 1242 1728 μεγάλης
1270 1649 1464 1729 ἑβδομάδος,
1499 1651 1557 1713 τοῦ
1590 1647 1734 1727 μεγάλου

279 1751 454 1833 ταββάτου,
492 1754 552 1814 τοῦ
579 1750 709 1833 Πάςχα,
743 1755 803 1815 τοῦ
830 1749 1035 1831 Ἀντιτιάςχα,
1070 1753 1126 1830 τῆς
1153 1750 1348 1830 ἀναλήψεως
1376 1751 1428 1814 καλ
1455 1748 1733 1830 μεταμορφώςεως

279 1853 430 1933 Χριςτοῦ,
454 1854 510 1932 τῆς
531 1852 705 1931 κοιμήςεως
726 1855 783 1931 τῆς
805 1852 1019 1931 ῦεομήτορος,
1042 1854 1098 1930 τῆς
1119 1851 1356 1933 Πεντηκοςτῆς,
1386 1850 1526 1936 denique
1547 1854 1604 1930 τῆς
1626 1870 1733 1929 κυριο-

277 1957 334 2033 ιιῆς
355 1973 494 2018 canones
518 1960 780 2040 composuerunt.
824 1953 947 2017 Locum
969 1959 1111 2016 autema
1126 1951 1330 2040 principibus
1352 1951 1488 2017 melodis
1511 1951 1734 2016 intermissum

278 2053 372 2119 multi
381 2053 394 2137 ,'
420 2055 476 2140 qui
504 2053 702 2140 praeclaram
732 2074 843 2120 eorum
870 2063 974 2118 artem
1002 2052 1265 2138 aemulabantur,
1293 2076 1371 2118 mox
1399 2056 1447 2118 ita
1476 2052 1670 2140 explebant,
1697 2060 1734 2116 ut

279 2154 387 2221 nullus
410 2155 480 2219 dies
503 2156 605 2221 festus
628 2177 687 2221 suo
710 2176 834 2220 canone
857 2164 983 2220 careret
1005 2176 1064 2220 nec
1086 2157 1181 2242 pauci
1204 2155 1332 2222 duobus
1355 2154 1571 2243 pluribusque
1592 2156 1733 2218 instrue·

278 2267 401 2323 rentur.
445 2257 620 2323 Praeterea
642 2259 777 2323 Oosmas
800 2258 835 2321 in
857 2257 1035 2322 secundum
1058 2259 1190 2323 tertium
1213 2266 1364 2345 quartum
1387 2256 1474 2322 diem
1495 2277 1633 2342 magnae
1654 2253 1733 2319 beb-

279 2359 428 2424 domadis
450 2358 604 2426 breviora
626 2361 772 2424 carmina
792 2360 888 2440 fecit,
921 2381 1003 2446 quae
1030 2360 1209 2425 secundum
1237 2379 1408 2425 numerum
1430 2358 1566 2424 odarum
1588 2362 1732 2442 διῴδιον,

279 2465 441 2548 τριῲδιον,
457 2466 655 2546 τετραῴδιον
669 2459 866 2549 appellabat.
904 2462 1060 2548 Atquein
1075 2461 1136 2528 hac
1158 2483 1287 2549 quoquc
1309 2469 1380 2526 arte
1402 2462 1583 2527 imitatores
1606 2459 1735 2524 invenit

279 2561 486 2628 Theodorum
509 2571 542 2627 et
562 2562 756 2650 Iosephum,
785 2563 897 2648 quiin
920 2563 1058 2630 alianum
1079 2585 1208 2652 quoque
1230 2562 1470 2630 hebdomadum
1493 2560 1638 2648 singulos
1661 2561 1733 2624 dies

279 2665 402 2729 triodia
428 2673 691 2751 composuerunt.
736 2664 851 2749 Neque
877 2674 987 2730 tamen
1015 2667 1050 2730 in
1077 2675 1168 2731 tanta
1190 2669 1393 2753 poeticorum
1415 2664 1598 2732 studiorum
1622 2663 1733 2726 fecun-

278 2765 382 2832 ditate
414 2766 633 2853 tropariorum
661 2764 939 2853 sticherorumque
966 2769 1074 2856 poesis
1107 2789 1240 2856 prorsus
1274 2766 1424 2854 neglecta
1457 2766 1600 2848 iacebat,
1635 2765 1733 2828 immo

280 2888 358 2932 vero
381 2867 436 2954 qui
459 2867 573 2952 longos
596 2889 736 2933 canones
761 2869 927 2955 pangendi
948 2879 1005 2934 aut
1027 2872 1094 2934 otio
1117 2880 1175 2936 aut
1196 2870 1354 2936 facultate
1377 2869 1531 2934 carebant
1538 2918 1547 2953 ,
1576 2866 1733 2932 brevibus

279 2969 442 3034 idiomelis
465 2969 678 3034 orthodoxiae
700 2970 845 3036 fautores
869 2979 901 3035 et
923 2981 1079 3058 patronos
1101 2993 1172 3037 sese
1194 2971 1371 3038 iactabant.
1395 2969 1509 3051 Quid?
1532 2969 1618 3057 quod
1640 2968 1732 3032 ferni-

280 3091 342 3136 nae
365 3093 511 3158 quoque,
543 3070 630 3159 quod
659 3072 693 3135 in
715 3093 834 3158 magno
856 3071 1039 3138 studiorum
1060 3073 1178 3138 ardore
1200 3095 1262 3140 usu
1284 3074 1397 3138 venire
1426 3070 1524 3154 solet,
1554 3092 1628 3136 oum
1651 3068 1733 3133 viris

279 3181 467 3239 concertare
496 3173 710 3240 conabantur.
750 3195 855 3260 neque
883 3174 966 3238 male
995 3176 1036 3240 iis
1066 3185 1200 3241 conatus
1230 3177 1369 3241 cessisse
1396 3173 1538 3256 videtur,
1570 3170 1732 3259 siquidem

279 3274 398 3339 Oasiae
420 3273 543 3339 hirmos
566 3272 698 3339 Marcus
725 3274 903 3341 monachus
932 3275 1050 3362 dignos
1079 3299 1151 3342 esse
1173 3277 1394 3359 existimavit,
1427 3297 1564 3362 quorum
1585 3271 1733 3338 modulos

279 3377 314 3440 in
337 3377 405 3442 suis
428 3376 584 3463 tropariis
607 3385 813 3462 sequeretur3
836 3377 922 3442 conl.
946 3378 1058 3443 adnot.
1081 3377 1124 3443 ad
1140 3377 1279 3443 Cosmae
1302 3399 1372 3443 can.
1388 3375 1489 3442 XIII.
1526 3377 1633 3461 Reges
1656 3395 1733 3461 quo·

278 3499 342 3565 que
370 3501 436 3544 non
464 3477 571 3545 solum
598 3477 743 3544 melodos
777 3477 954 3544 honoribus
985 3489 1018 3544 et
1046 3480 1214 3546 beneficiis
1242 3481 1417 3562 ornabant,
1451 3478 1509 3545 sed
1542 3479 1642 3543 etiam
1670 3461 1734 3562 ipsi

279 3583 426 3645 carmina
447 3579 636 3666 pangebant
658 3588 691 3646 et
711 3579 872 3666 psallendi
895 3589 1000 3646 artem
1021 3581 1269 3667 promovebant.
1307 3583 1361 3648 Sic
1382 3582 1424 3645 de
1445 3602 1523 3666 rege
1542 3577 1734 3665 Theophilo,

280 3702 376 3767 quem
405 3680 674 3747 iconoclastarum
702 3681 850 3769 partibus
878 3681 1001 3747 lavisse
1029 3691 1174 3766 constat,
1203 3685 1349 3750 Zonaras
1377 3681 1467 3770 Epit.
1490 3683 1567 3746 hist.
1592 3679 1670 3761 XV,
1693 3679 1732 3742 27

281 3783 363 3846 haec
378 3781 494 3847 refert:
518 3784 734 3866 ἐφιλοτιμεῖτο
750 3787 785 3851 δὲ
801 3785 851 3850 καὶ
865 3787 1040 3870 μελῳδεῖν·
1063 3787 1211 3862 λέγονται
1226 3788 1284 3866 μὲν
1299 3785 1360 3853 οὗν
1375 3786 1426 3858 καὶ
1447 3785 1540 3864 ἕτερα
1561 3783 1733 3863 ποιήματα,

281 3885 364 3965 πρὸς
385 3888 453 3950 τοῖς
475 3884 586 3952 ἄλλοις
608 3889 645 3953 δὲ
659 3887 710 3951 καὶ
724 3886 763 3952 τὸ
785 3887 864 3952 κατὰ
887 3886 1069 3968 βαῖοφόρον
1085 3887 1201 3966 ἑορτὴν
1219 3886 1380 3971 ᾀδόμενον
1403 3887 1551 3967 ςτιχηρὸν
1573 3886 1612 3951 τὸ
1634 3884 1733 3950 Ἐξέλ-

281 3994 352 4052 θετε
375 3986 468 4069 ἔθνη,
493 3987 634 4057 erescere
657 3990 708 4054 καὶ
731 3989 819 4070 λαολ,
843 3989 894 4054 καὶ
917 3987 1067 4053 θεάταςθε
1090 3990 1236 4070 ςήμερον,
1258 3989 1317 4055 τὸν
1333 3988 1460 4069 βαςιλέα
1480 3991 1547 4054 τῶν
1570 3985 1733 4067 οὐρανῶν,

283 4088 328 4154 ὡς
351 4089 403 4154 ἐπὶ
425 4088 545 4169 θρόνου
578 4089 724 4173 ὑψηλοῦ,
760 4089 811 4154 aa
840 4090 954 4154 πώλου
984 4088 1151 4172 εὐτελοῦς,
1185 4093 1244 4171 τὴν
1277 4090 1479 4170 Ἱερουςαλὴμ
1511 4088 1732 4170 ἐπιβαίνοντα·

280 4191 378 4267 γενεὰ
400 4190 578 4269 Ἰουδαίων,
601 4189 710 4257 άπιςτε
733 4192 784 4255 καὶ
806 4192 965 4270 μοιχαλὶς,
992 4195 1091 4272 δεῦρο
1114 4193 1236 4274 θέαςαι,
1265 4193 1306 4259 ὃν
1329 4189 1415 4258 εἶδεν
1438 4190 1566 4256 Ἡςαῖας
1588 4190 1623 4255 ἐν
1647 4189 1734 4269 ςαρκλ

280 4292 326 4356 δι’
347 4293 428 4372 ἡμᾶς
455 4291 738 4374 παραγενόμενον,
776 4297 845 4358 πιῦς
877 4293 1073 4374 νυμφεῦεται
1101 4290 1145 4357 ὡς
1175 4293 1331 4373 ςιῦφρονα
1358 4294 1417 4372 τὴν
1444 4293 1523 4358 νέαν
1553 4291 1653 4376 (ιὼν,
1682 4291 1734 4356 καλ

280 4392 498 4475 άτιοβάλλεται
519 4397 577 4475 τὴν
600 4392 788 4473 κατάκριτον
812 4393 1020 4474 ςυναγωγήν·
1044 4393 1089 4460 ὡς
1105 4393 1141 4460 ἐν
1157 4393 1314 4478 ἀφθάρτῳ
1336 4396 1372 4460 δὲ
1393 4393 1486 4478 γάμῳ
1508 4394 1558 4458 καλ
1581 4391 1734 4475 ἀμιάντῳ,

151 4515 155 4520 ·
282 4495 429 4573 ἀμίαντοι
452 4497 653 4576 ςυνέδραμον
675 4493 913 4581 εὐφημοῦντες,
942 4496 973 4561 οἱ
995 4494 1200 4575 ἀπειρόκακοι
1228 4499 1359 4576 παῖδες,
1387 4495 1460 4576 μεθ’
1483 4495 1530 4561 ὧν
1558 4495 1736 4574 ὑμνοῦντες

281 4599 466 4679 βυήςωμεν,
495 4597 598 4677 ὕμνον
628 4597 686 4662 τὸν
715 4596 899 4674 ἀγγελικόν·
943 4597 1082 4662 Ὡςαννὰ
1116 4597 1152 4663 ἐν
1185 4600 1253 4662 τοῖς
1286 4595 1446 4679 ὑῳῖςτοιτ,
1481 4602 1527 4682 τῷ
1561 4595 1668 4677 ἔχοντι
1696 4598 1735 4663 τὸ

281 4699 363 4776 μέγα
384 4697 494 4763 ἔλεος’
519 4698 650 4782 (Τριῳδ.
674 4700 735 4762 τελ.
758 4697 851 4784 339),
888 4719 1027 4784 quocum
1056 4697 1204 4762 conferas
1232 4695 1417 4761 Cedrenum
1446 4695 1534 4760 Hist.
1563 4697 1735 4785 compend.

281 4822 313 4885 p.
336 4797 400 4863 522
422 4799 452 4863 Β
479 4797 602 4863 similia
630 4797 671 4862 de
694 4797 808 4862 eodem
829 4798 1010 4914 Theophilo
1038 4800 1248 4864 referentem:
1278 4799 1493 4880 ἐφιλοτιμεῖτο
1516 4800 1566 4864 καὶ
1588 4801 1737 4884 μελῳδὸς
