3800 5474
508 377 576 433 LlB.
591 377 612 432 1.
641 376 689 432 DE
704 375 832 432 POETIS
848 375 1076 433 CHRISTIANIS
1092 375 1255 434 GRAECIS.
1522 377 1612 435 XXIX

77 527 83 540 “
161 526 235 590 sinu
257 524 397 591 foveret.
442 524 493 592 Eo
515 523 659 607 accedit,
687 522 774 609 quod
803 524 924 589 ritibus
946 523 1134 590 christianis
1156 523 1350 590 auctoritate
1371 522 1503 611 publiea
1524 547 1611 592 com·

158 625 304 714 probatis
326 625 531 714 publicisque
552 625 736 713 sumptibus
757 625 880 691 adiutis
903 626 1042 692 canticis
1064 647 1193 713 quoque
1214 633 1314 714 atque
1335 627 1479 692 musicae
1500 649 1613 693 sacrae

158 729 314 796 maiorem
341 749 473 816 operam
500 727 690 815 impendere
717 726 988 815 splendoremque
1014 725 1137 792 addere
1165 736 1351 816 coeperunt.
1395 728 1549 816 Inprimis
1576 731 1612 794 in

159 829 296 896 urbibus
323 850 417 916 reges
446 837 480 896 et
501 830 728 916 magistratus,
756 851 798 894 ne
825 829 860 894 in
887 828 1075 895 christianis
1102 831 1203 896 sacris
1229 830 1427 896 adornandis
1455 833 1613 920 pecuniae

159 934 324 1020 parciores
352 951 451 1018 quam
478 933 514 996 in
541 932 680 1018 paganis
709 953 781 996 esse
809 930 1008 1016 viderentur,
1030 931 1205 1018 magnifica
1225 931 1375 998 aedificia
1397 933 1613 1000 exstruebant

66 1097 79 1106 ,
160 1043 193 1098 ot
221 1055 374 1124 pompam
400 1035 523 1126 rituum
551 1034 639 1098 omni
665 1031 762 1100 modo
790 1034 966 1120 augebant.
1010 1032 1125 1114 Quid?
1154 1032 1243 1120 quod
1268 1031 1458 1120 plebeculae
1485 1056 1613 1123 quoque

158 1135 284 1223 aliquid
312 1135 456 1201 dandum
483 1135 563 1218 fuit,
595 1156 679 1221 quae
707 1157 874 1203 sacrorum
902 1134 1076 1224 splendore
1103 1134 1339 1222 modorumque
1367 1135 1542 1201 dulcedine
1569 1137 1613 1202 ad

159 1237 354 1303 christianas
376 1237 529 1303 ecclesias
551 1236 805 1324 frequentandas
827 1236 1057 1304 alliciebatur?
1088 1236 1125 1300 id
1146 1237 1232 1324 quod
1253 1236 1449 1302 anachoreta
1469 1238 1612 1324 quidam,

159 1339 216 1425 qui
237 1339 350 1426 quinto
373 1337 501 1404 saeculo
516 1338 551 1402 in
567 1337 777 1406 solitudinem
792 1337 980 1404 Nitrearum
1001 1347 1195 1420 secesserat,
1218 1338 1341 1404 diserte
1363 1347 1503 1404 testatur
1525 1337 1613 1426 apud

159 1441 285 1506 Pitram
307 1439 491 1528 Hymnogr.
507 1462 539 1527 p.
553 1441 610 1506 43:
633 1443 684 1507 καί
704 1442 743 1506 τὸ
762 1441 921 1522 τροπάρια
942 1443 994 1508 καί
1015 1439 1157 1508 κανόνα(
1177 1440 1315 1520 ψάλλειν
1336 1442 1386 1507 καί
1407 1441 1508 1522 ἤχους
1528 1443 1612 1522 μελί-

159 1549 225 1612 ζειν
246 1546 314 1610 soit
335 1543 415 1609 κατὰ
436 1542 555 1624 κότμον
576 1541 692 1623 ίερεῦτί
711 1544 820 1609 τεκαὶ
841 1545 969 1610 λοιποῑι
990 1542 1147 1624 ἁρμόζον·
1171 1543 1224 1608 διὰ
1238 1545 1335 1609 τοῦτο
1350 1543 1412 1623 γὰρ
1432 1543 1484 1608 καί
1498 1542 1518 1608 δ
1533 1543 1614 1610 tuoe

160 1645 196 1712 έν
218 1647 288 1711 ruit
310 1643 483 1724 ἐκκληςίαιτ
505 1643 760 1724 ευναθροίζεεθαι
782 1645 887 1724 είιίιθη.
910 1641 1015 1710 .Inde
1036 1643 1160 1710 factum
1182 1652 1246 1726 est,
1269 1653 1307 1708 ut
1329 1643 1442 1729 quinto
1466 1653 1498 1709 et
1520 1653 1614 1708 sexto

160 1743 290 1812 samolo
312 1744 484 1810 christiani
505 1746 540 1809 in
562 1743 643 1810 duas
666 1753 774 1832 partes
790 1744 1013 1826 discederent,
1036 1765 1174 1832 quorum
1194 1745 1289 1810 alteri
1313 1754 1460 1810 veterum
1483 1745 1612 1811 in'stitu-

159 1856 264 1912 torum
281 1845 501 1912 venerandam
515 1845 758 1932 simplicitatem
773 1848 951 1913 tuebantur
965 1845 1194 1933 mordicusque
1209 1845 1376 1929 tenebant,
1395 1845 1491 1911 alteri
1505 1867 1615 1911 rerum

159 1948 346 2014 divinarum
373 1947 569 2033 dignitatem
597 1955 732 2014 externo
759 1969 888 2036 quoque
915 1947 1087 2035 splendore
1113 1949 1227 2034 augeri
1254 1947 1305 2013 fas
1338 1969 1411 2012 esse
1442 1947 1613 2035 putabant.

159 2049 274 2136 Neque
295 2049 445 2114 minimas
466 2047 541 2114 lites
563 2048 730 2114 novailla
751 2050 895 2116 carmina
922 2058 1102 2136 cantusque
1129 2049 1217 2116 modi
1244 2049 1484 2116 artificiosiores
1505 2071 1615 2117 move-

109 2221 137 2246 0,
159 2150 250 2216 bant.
285 2149 504 2218 Luculentum
526 2149 623 2216 buius
644 2151 692 2216 rei
713 2151 935 2217 testimonium
957 2150 1093 2239 praebet
1114 2150 1235 2216 festiva
1255 2152 1399 2219 namatio
1421 2150 1464 2216 de
1483 2149 1614 2216 abbatis

159 2251 336 2318 Pambonis
358 2252 493 2340 elinque
515 2251 667 2340 discipuli
689 2253 868 2339 colloquio,
892 2273 974 2341 quae
995 2251 1215 2318 Alexandriae
1237 2253 1271 2317 in
1294 2251 1431 2318 ecclesia
1453 2251 1487 2318 S.
1510 2251 1615 2316 Marci
1662 2241 1664 2250 ’

159 2357 224 2419 iam
252 2355 366 2442 quinto
394 2353 523 2420 saeculo
551 2356 767 2442 tropariorum
796 2363 926 2420 cantum
953 2354 1102 2420 floruisse
1130 2355 1236 2420 docet.
1281 2353 1378 2419 Abbo
1406 2354 1493 2418 euim
1521 2375 1617 2419 suum

160 2454 360 2542 discipulum
391 2455 628 2520 Alexandriam
660 2457 808 2538 miserat,
845 2457 902 2543 qui
935 2477 1033 2543 opera
1064 2457 1132 2521 suis
1165 2455 1315 2520 manibus
1348 2455 1434 2520 facta
1466 2455 1501 2518 in
1530 2453 1616 2519 'urbe
1657 2471 1660 2476 ·
1710 2539 1715 2548 ·

160 2557 365 2622 divenderet.
409 2556 443 2623 Is
465 2577 524 2643 per
546 2579 605 2623 sex
625 2557 713 2638 dies,
742 2556 860 2643 quibus
883 2557 917 2623 in
939 2558 1020 2622 urbe
1042 2559 1245 2641 morabatur,
1268 2557 1302 2621 in
1324 2555 1489 2622 vestibulo
1512 2555 1614 2621 eccle-

159 2659 228 2724 siae
250 2659 284 2729 S.
306 2659 409 2726 Marci
437 2657 666 2745 pernoctabat,
693 2658 751 2724 ubi
779 2658 888 2725 cilicia
915 2657 1136 2726 ecelesiastica
1163 2658 1381 2745 cognoscebat
1408 2666 1441 2723 et
1468 2659 1614 2746 tropario

160 2760 319 2826 diecebat.
356 2759 396 2824 In
418 2758 569 2825 cellulam
590 2761 697 2826 redux
718 2760 885 2826 annuam
907 2769 1016 2826 mente
1031 2761 1189 2849 vultuque
1211 2761 1503 2849 praeseferebat,
1525 2759 1614 2848 quod

160 2861 218 2928 ubi
238 2863 362 2928 Pambo
383 2859 632 2944 animadvertit,
655 2860 816 2928 sollicitus
839 2883 880 2926 ex
903 2883 940 2927 eo
962 2863 1106 2948 quaerit,
1136 2862 1215 2950 quid
1237 2862 1368 2929 tandem
1392 2863 1423 2928 ei
1444 2863 1612 2946 acciderit,

160 2985 219 3028 cur
240 2972 381 3030 maestus
405 2973 437 3028 et
460 2962 620 3028 demissus
642 2963 816 3029 incederet.
860 2961 938 3048 Ille,
968 2963 1047 3051 quid
1070 2964 1204 3047 mirum,
1233 2965 1355 3052 inquit,
1384 2962 1473 3051 quod
1495 2964 1529 3028 in
1551 2961 1613 3028 hac

160 3062 337 3143 solitudine
358 3067 502 3131 animum
524 3065 762 3152 despondeam,
786 3085 858 3130 cum
881 3088 986 3152 neque
1006 3067 1151 3152 tropariu
1171 3087 1277 3153 neque
1292 3087 1431 3132 canones
1446 3085 1612 3150 canamus,

160 3189 298 3254 quorum
320 3170 481 3234 suavitate
503 3167 725 3233 Alexandriae
747 3165 950 3235 deliniebas?
994 3167 1057 3234 Oui
1085 3167 1267 3255 superciliis
1289 3168 1466 3234 contractis
1488 3166 1611 3232 abbas:

161 3289 224 3334 vae
245 3267 355 3353 nobis,
378 3271 424 3334 mi
446 3269 508 3353 fili;
543 3268 640 3334 video
664 3269 750 3332 enim
773 3277 918 3356 tempora
939 3269 1078 3352 instme,
1101 3268 1220 3358 quibus
1242 3268 1392 3336 monachi
1414 3269 1498 3333 hanc
1520 3289 1611 3332 seve·

160 3391 230 3434 ram
260 3369 468 3458 disciplinam
500 3369 699 3457 relinquant,
733 3377 766 3434 et
792 3371 973 3436 carminum
1007 3371 1112 3436 modis
1144 3372 1320 3455 ducantur3
1356 3378 1425 3435 tum
1456 3365 1612 3457 pietatem

160 3493 351 3560 morumque
378 3472 585 3537 sanctitatem
618 3470 765 3537 homines
794 3481 917 3537 exuent
944 3493 1127 3559 magnaque
1154 3471 1339 3554 calamitate
1366 3470 1612 3554 affligentur.*)

231 3709 255 3779 ⁸)
271 3713 355 3762 Ilanc
372 3711 558 3764 narrationem
572 3727 587 3762 o
601 3710 696 3764 codice
709 3709 916 3763 vindobonensi
935 3713 971 3763 ab
983 3711 1120 3764 Gerbcrto
1138 3714 1168 3762 in
1180 3711 1313 3778 Scriptor.
1333 3709 1434 3763 eccles.
1453 3709 1487 3760 de
1506 3710 1613 3761 musica

165 3797 269 3848 editam
289 3801 317 3846 et
335 3813 352 3847 ιι
369 3812 413 3848 me
430 3797 459 3846 iu
477 3797 568 3850 Beitr.
584 3812 610 3862 p.
629 3797 663 3848 ίίθ
681 3796 829 3861 repetitam
847 3795 893 3864 bic
911 3811 1020 3863 quoque
1038 3797 1121 3864 plene
1139 3797 1277 3848 subiicere
1295 3797 1384 3847 visum
1404 3799 1463 3846 ectr

230 3880 262 3932 ‘0
281 3879 367 3945 θββθε
383 3879 492 3946 Παμβιῑι
515 3878 662 3933 δπέττειλε
684 3879 737 3932 τδν
760 3880 890 3946 μαθητὴν
912 3878 1001 3933 curuo
1025 3881 1057 3934 έν
1076 3879 1272 3948 Ἀλεξανδρείᾳ
1289 3880 1362 3945 πρδε
1379 3879 1415 3932 τὸ
1433 3879 1562 3944 ποιλῆεαι
1580 3877 1616 3929 τδ

162 3963 327 4030 έργὸχειρον
348 3963 455 4017 αὐτῶν.
491 3963 609 4030 παιίγιαε
631 3963 662 4017 δέ
685 3963 792 4029 ἡμέραε
814 3963 912 4018 δεκαέξ
930 3963 962 4018 έν
978 3969 1015 4032 τῇ
1034 3965 1129 4032 πόλει,
1153 3965 1194 4020 ibt
1216 3965 1315 4029 ἔλεγεν
1337 3965 1414 4030 ἡμῖν,
1436 3963 1487 4016 τὰ(
1509 3963 1616 4016 νύκτα(

161 4047 313 4102 ἐκάθευδεν
331 4047 363 4101 έν
380 4051 422 4115 τῷ
441 4047 558 4115 νάρθηκι
575 4051 627 4114 τῆε
645 4047 790 4115 έκκληείατ
809 4046 840 4101 έν
858 4052 901 4115 τῷ
919 4052 980 4116 ναῷ
998 4053 1050 4102 τοθ
1069 4048 1151 4114 ἁγίου
1169 4049 1300 4115 Μάρκου·
1328 4049 1374 4101 καί
1393 4046 1463 4101 ίδιδν
1479 4047 1534 4114 τήν
1551 4047 1616 4100 ακο-

162 4132 280 4186 λαοθίαν
297 4136 349 4200 τίίε
367 4132 447 4197 ἁγία(
465 4131 612 4198 ἑκκληείαι
630 4131 775 4199 ἀνέκαμψε
794 4133 867 4198 πρδτ
884 4133 937 4187 τὸν
955 4133 1089 4200 γέροντα·
1108 4134 1193 4198 ἔμαθε
1212 4133 1243 4187 δέ
1261 4135 1307 4186 καί
1325 4130 1472 4198 τροπάρια.

231 4217 313 4283 Λέγει
330 4216 382 4270 οὖν
399 4217 479 4285 αὐτῷ
498 4217 514 4270 δ
531 4217 639 4283 γέριιιν·
658 4215 717 4282 δριῑι
735 4231 778 4282 τε,
796 4217 908 4282 τέκνον,
926 4218 1149 4285 τεταραγμένον·
1168 4218 1205 4284 μή
1223 4232 1266 4271 τι(
1285 4215 1436 4283 πειραεμδε
1455 4230 1496 4269 τοι
1515 4214 1616 4282 ευνέβη

161 4303 194 4356 έν
211 4307 247 4370 τῇ
274 4303 370 4365 πόλεις
393 4303 467 4367 λέγει
490 4301 507 4354 δ
529 4301 654 4367 cnlpae
676 4301 800 4369 γέροντι·
828 4301 922 4367 poter,
945 4301 1029 4368 ἀββᾶ,
1053 4301 1085 4356 έν
1107 4301 1223 4371 ἀμελείᾳ
1245 4303 1417 4365 δαπανῶμεν
1439 4299 1489 4354 τὰ(
1512 4298 1617 4365 ἡμέρα(

165 4389 250 4453 ἡμῶν
267 4386 298 4440 έν
315 4391 352 4454 τι]
370 4385 465 4453 ἐρήμῳ
483 4387 591 4454 ταύτῃ,
618 4387 665 4440 καί
682 4385 750 4439 οὔτε
769 4385 904 4451 κανδναε,
931 4387 999 4438 οὔτε
1022 4385 1160 4453 τροπάρια
1181 4387 1340 4452 ψάλλομεν·
1367 4384 1543 4438 ἀπελθόντα(
1566 4382 1620 4448 γάρ

161 4487 218 4538 μου
236 4472 267 4524 έν
287 4469 481 4540 Ἀλεξανδρείᾳ
499 4470 577 4526 είδαν
594 4471 631 4524 τά
646 4469 777 4536 τάγματα
794 4473 846 4537 τῆτ
864 4469 1023 4538 έκκλητίαε,
1046 4473 1110 4523 πῶς
1127 4457 1277 4537 multones,
1301 4471 1346 4523 καί
1370 4469 1402 4522 έν
1420 4469 1497 4537 λύπῃ
1514 4467 1619 4532 γέγονα

162 4557 271 4622 πολλῇ,
290 4555 363 4608 διατί
381 4556 426 4608 καί
444 4555 524 4621 ἡμείε
542 4555 576 4608 od
595 4553 743 4621 ψιίιλλομεν
760 4555 883 4608 κανόνα(
902 4556 947 4608 καί
967 4555 1113 4622 τροπάρια.

231 4639 311 4704 Λέγει
329 4638 382 4693 οὖν
400 4639 480 4707 αὐτῷ
499 4639 515 4692 δ
533 4639 638 4706 γέρων·
660 4639 724 4693 οὐαί
747 4641 826 4706 ἡμῖν,
847 4639 963 4706 τέκνον,
983 4639 1027 4692 ὅτι
1045 4640 1171 4706 έφθαταν
1193 4639 1223 4693 ul
1247 4640 1362 4707 ἡμέραι,
1386 4640 1418 4694 έν
1440 4637 1485 4693 ule
1507 4635 1619 4692 ίιπολεί-
1667 4693 1678 4712 .

162 4741 265 4791 ψουειν
283 4723 310 4777 ol
328 4725 447 4790 μοναχοί
471 4726 527 4791 τὴν
551 4724 668 4790 trepens
689 4726 802 4791 τροφὴν
825 4725 880 4791 τὴν
901 4724 946 4778 διδ
963 4726 1017 4777 roo
1034 4723 1115 4790 δγίοα
1134 4724 1297 4792 πνεύματοε
1314 4725 1446 4792 ῥηθείεαν
1463 4725 1509 4778 καί
1526 4723 1620 4778 έξακο·

162 4809 347 4878 remacetto
365 4809 473 4876 ᾄτματα
492 4810 537 4863 καί
555 4810 654 4875 ἠχαυε·
674 4808 741 4864 ποία
758 4809 812 4876 γὰρ
831 4807 994 4875 καπανυξιτ,
1016 4813 1084 4863 ποία
1102 4809 1208 4877 διίκρυα
1225 4808 1370 4864 τίκτονται
1387 4809 1419 4862 ἐκ
1436 4812 1498 4862 τῶν
1514 4823 1620 4875 rpore-
