3800 5474
520 365 586 420 LlB.
605 365 623 420 l.
653 365 700 418 Dll
715 362 842 419 POETlS
858 361 1087 418 cultissimus
1103 361 1264 416 GRAECIS.
1554 363 1616 418 Llll

166 523 231 597 est,
258 524 354 600 grata
376 513 533 577 memoria
560 511 759 598 praesidium
787 509 914 574 Mariae
937 508 1054 573 »matris
1085 507 1138 572 dei
1167 510 1391 594 prosequitur,
1421 531 1483 595 quo
1511 508 1616 576 adiuti

165 616 340 701 Byzantini
362 635 447 678 enne
469 613 533 678 630
554 613 670 677 Persas
693 633 869 698 eorumque
891 632 1001 695 regern
1024 611 1226 695 Chaganum,
1249 609 1363 674 urbem
1386 611 1614 678 Constantino-

165 718 254 805 polin
277 715 434 782 invadere
456 712 643 796 molientes,
673 714 773 778 muris
797 713 998 792 deiecemnt,
1028 710 1237 798 deiectusque
1266 712 1423 778 fuderunt
1445 712 1614 798 fugarunt-

165 841 238 906 que.
275 819 345 882 Hoc
372 825 485 882 auctor
507 815 681 902 Synaxarii
713 823 865 897 testatur,
893 814 965 899 qui,
1000 823 1170 900 postquam
1192 825 1337 899 stragem
1358 815 1531 880 Persarum
1553 828 1614 882 ret-

165 919 256 1003 tulit,
281 921 327 984 sie
351 919 470 1006 pergit:
495 917 566 995 ὅγε
589 920 650 998 μὴν
672 919 824 998 θεοφιλὴς
849 917 1088 982 Κωνεταντίνου
1104 916 1182 981 λαόε
1197 921 1234 1000 τῇ
1251 918 1419 998 θεομήτορι
1441 920 1499 997 τὴν
1522 921 1614 1000 χάριν

165 1023 402 1106 ἀφοειοῦμενοε
430 1021 621 1086 ὁλονῦκτιον
643 1021 702 1084 τὸν
725 1018 826 1098 ὕμνον
849 1019 900 1082 καὶ
922 1017 1092 1082 άκάθιετον
1114 1017 1193 1101 αὐτῇ
1216 1017 1435 1102 ἐμελῴθηεαν,
1466 1020 1512 1084 ὼε
1534 1019 1615 1101 ὑπὲρ
1653 1051 1658 1060 ·

165 1125 273 1190 αὐτῶν
301 1123 525 1204 ἀγρυπνηεάτῃ
553 1122 604 1186 καὶ
630 1119 790 1202 ὑπερφυεῖ
817 1119 948 1198 δυνάμει
975 1119 1211 1209 οιαπραξαμένῃ
1238 1119 1277 1184 τὸ
1301 1121 1380 1185 κατὰ
1400 1125 1466 1186 τῶν
1489 1122 1614 1202 ἐχθρῶν

165 1227 335 1308 τρόπαιον·
366 1224 401 1290 ἐκ
422 1223 495 1289 τότε
518 1223 578 1288 οὕν
601 1222 645 1288 εἰε
667 1221 777 1302 μνείαν
800 1224 859 1285 τοῦ
881 1220 1039 1286 τοιούτου
1062 1221 1111 1284 καὶ
1133 1220 1320 1301 ὕπερφυοῡε
1342 1221 1502 1301 θαῦματοε
1524 1223 1543 1302 ἡ
1566 1225 1614 1290 ἐκ-

166 1328 276 1407 κληεία
297 1329 355 1406 τὴν
377 1323 528 1404 τοιαύτην
550 1324 667 1403 ἑορτὴν
687 1323 847 1403 παρέλαβε
862 1327 899 1406 τῇ
915 1321 1005 1402 μητρὶ
1026 1323 1208 1388 ἀνατιθέναι
1229 1325 1287 1388 τοῦ
1310 1327 1388 1388 θεοῦ
1409 1329 1455 1408 τῷ
1479 1325 1615 1406 παρόντι

164 1434 279 1512 καιρῷ,
303 1425 358 1492 ὅτε
380 1409 433 1492 sol
451 1426 490 1491 τά
512 1427 670 1505 τρόπαιον
692 1429 729 1509 τῇ
752 1423 923 1504 θεομήτορι
944 1424 1096 1500 γέγονεν·
1121 1423 1287 1490 άκάθιετον
1310 1426 1346 1490 δὲ
1369 1424 1538 1505 ὠνόμαεαν
1562 1428 1614 1492 διὰ

164 1532 203 1596 τὸ
223 1530 297 1595 τότε
320 1527 406 1592 οὕτω
429 1529 544 1606 πρᾶξαι
566 1528 624 1593 τὸν
647 1529 702 1605 τῆε
729 1526 856 1590 notent
883 1525 1003 1604 κλῆρόν
1030 1546 1065 1590 τε
1092 1527 1144 1590 καὶ
1165 1526 1247 1591 λαὸν
1270 1525 1405 1592 ἅπαντα.
1450 1525 1614 1612 Equidem
1697 1571 1703 1582 .

165 1630 316 1714 Sergium
339 1627 424 1693 hune
446 1625 603 1714 hymnum
625 1627 844 1714 composuisse
869 1625 956 1708 dixi,
984 1646 1180 1711 quamquam
1206 1647 1271 1691 uon
1297 1627 1411 1711 ignoro
1434 1627 1613 1715 Georgium

164 1731 311 1797 Pisidam
333 1727 432 1814 vulgo
455 1728 524 1794 eius
546 1737 711 1794 auctorem
733 1726 908 1814 perhiberi.
953 1726 1018 1814 Sed
1041 1727 1122 1792 haec
1143 1727 1253 1814 opinio
1277 1725 1411 1810 Quercii
1434 1728 1613 1795 Florentini

162 1833 352 1899 coniectura
377 1851 479 1916 eaque
506 1827 697 1896 futilissima
723 1828 853 1912 nititur,
882 1829 939 1914 qui
966 1828 1001 1892 in
1028 1829 1221 1916 Appendice
1245 1829 1343 1917 Corp.
1372 1830 1449 1896 hist.
1479 1832 1612 1917 byzent.

164 1934 300 2018 Georgii
323 1931 469 1997 limatum
491 1953 623 1998 carmen
644 1930 686 1994 de
708 1928 793 1997 bello
816 1930 960 1995 Avarico
983 1928 1102 2012 edidit,
1126 1931 1261 2016 eiusque
1284 1951 1399 1994 versus
1421 1931 1484 1997 502
1498 1954 1570 2019 sqq.

518 2034 643 2115 ᾄεωμεν
666 2032 726 2100 οὗν
748 2052 797 2100 τοι
819 2032 920 2114 ὕμνον
941 2021 1002 2098 οὐκ
1025 2033 1060 2099 ἐν
1083 2033 1258 2112 τυμπάνοιε

517 2134 662 2215 ἄρρυθμα
685 2135 913 2216 βομβήεαντεε,
936 2134 1007 2199 ἀλλ’
1029 2135 1061 2202 ἐξ
1084 2134 1236 2215 ὀργάνων

517 2240 585 2302 τῶν
606 2234 704 2301 ἔνδον
726 2236 800 2316 ἡμῖν
823 2240 975 2316 μυιτικῶε
996 2236 1206 2317 ἡρμοεμένιυν

162 2340 206 2406 ad
233 2341 318 2405 hunc
347 2339 448 2420 ὕμνον
476 2337 645 2403 άκάθιετον
670 2335 858 2402 referendos
881 2358 952 2402 esse
974 2337 1124 2424 opinatus
1147 2345 1207 2400 cst.
1251 2338 1298 2404 At
1319 2359 1413 2402 nemo
1435 2335 1500 2402 'non
1523 2339 1613 2406 videt

163 2442 414 2509 incertissimam
442 2432 526 2502 hanc
552 2438 772 2504 coniecturam
800 2457 886 2520 esse,
923 2460 987 2524 qua
1017 2437 1098 2504 fides
1121 2435 1249 2503 'codicis
1278 2459 1343 2504 non
1373 2437 1468 2504 modo
1496 2443 1611 2524 everti,

163 2543 223 2610 scd
244 2567 284 2609 ne
306 2541 476 2608 sollicitari
499 2539 628 2626 quidem
652 2539 765 2627 pessit.

248 2644 482 2730 Cognominem
505 2641 619 2726 Sergio
645 2641 847 2728 patriarchae
875 2661 948 2705 esse
973 2640 1082 2706 iudice
1105 2651 1270 2707 auctorem
1293 2633 1507 2728 complurium
1531 2643 1612 2709 idio-

162 2745 269 2810 melon
290 2744 381 2827 (vide
402 2744 543 2810 indicem
566 2741 767 2830 secundum),
792 2743 847 2829 qui
871 2743 957 2830 qued
979 2744 1198 2824 Ἁγιοπολίτηε
1213 2745 1234 2806 i.
1251 2765 1279 2808 e.
1296 2743 1611 2830 Hierosolymitanus

162 2858 308 2929 vocatur,
322 2846 383 2912 hoe
397 2847 469 2934 ipso
483 2845 675 2930 cognomine
689 2865 709 2908 a
723 2844 907 2931 patriarcha
922 2844 1281 2933 Constantinopolitano
1296 2844 1456 2930 distingui
1472 2846 1611 2912 videtur.

248 2949 495 3030 (ωφράνιοε,
525 2968 620 3032 quem
642 2967 727 3011 anno
748 2945 811 3010 629
834 2945 1134 3033 Hierosolymorum
1155 2946 1372 3034 patriarcham
1394 2947 1517 3012 factum
1540 2971 1613 3014 esse

163 3049 304 3117 Cedreni
325 3071 357 3136 p.
380 3047 444 3114 420
465 3046 494 3112 Β
516 3047 701 3112 testimonio
724 3055 866 3128 constat,
899 3069 972 3113 cum
1003 3048 1077 3114 aliis
1109 3047 1207 3114 rebus
1236 3059 1305 3114 tum
1333 3049 1471 3135 poeticis
1494 3049 1611 3116 studiis

163 3151 329 3239 praeclare
359 3149 400 3214 de
434 3147 573 3214 eeclesia
605 3169 724 3233 graeca
756 3149 890 3214 meritus
919 3159 977 3216 est.
1023 3149 1136 3238 Neque
1163 3150 1249 3215 enim
1277 3149 1381 3216 solum
1411 3151 1611 3217 carminibus

164 3251 412 3334 Anacreonteis,
428 3271 511 3337 quae
526 3271 624 3336 supra
639 3271 671 3336 p.
687 3247 825 3314 XXVII
840 3246 905 3314 iani
920 3254 1179 3336 commemoravi,
1195 3251 1308 3318 laudes
1325 3252 1458 3334 Christi,
1481 3262 1618 3340 aposto--

161 3377 250 3436 rum,
273 3362 452 3439 martyrum
476 3353 608 3433 cecinit,
633 3350 690 3414 sed
714 3351 811 3417 etiam
833 3350 1003 3434 idiomela,
1026 3375 1110 3439 quae
1123 3354 1156 3417 in
1172 3353 1432 3420 solemnitatibus
1456 3353 1611 3420 ecclesiae

160 3463 369 3535 canerentur,
396 3453 578 3540 composuit
603 3451 773 3539 modisque
802 3453 935 3517 musicis
962 3456 1127 3519 instruxit.
1171 3453 1297 3518 Horum
1325 3453 1390 3518 duo
1418 3456 1452 3519 in
1473 3453 1611 3520 Menace

162 3557 230 3641 (24.
254 3557 335 3620 Dec.
358 3555 389 3620 6.
413 3554 515 3642 ὕεια),
544 3553 677 3619 tertium
704 3555 738 3619 in
760 3552 973 3639 Horologium
996 3577 1026 3640 p.
1052 3555 1113 3620 134
1139 3563 1305 3641 receptum
1333 3565 1393 3620 est.
1438 3556 1611 3620 Praeterea

162 3661 195 3724 iu
217 3657 287 3724 eod.
311 3656 410 3722 Vind.
433 3655 531 3721 theol.
553 3679 585 3720 u.
611 3655 671 3722 136
693 3654 747 3720 fol.
772 3654 834 3720 223
863 3657 1006 3726 εὕνταξιν
1034 3660 1102 3722 τῶν
1132 3656 1238 3736 Ὡρῶν
1266 3661 1322 3736 τῆ(
1348 3657 1487 3738 μεγάλη(
1509 3677 1610 3738 παρα-

161 3763 287 3838 εκευῆε,
321 3779 417 3845 quam
446 3757 544 3843 vulgo
573 3755 699 3848 Cyrillo
725 3747 894 3838 tribuunt,
923 3779 943 3821 a
970 3757 1151 3845 Sophronio
1184 3759 1429 3846 archiepiscopo
1457 3759 1610 3824 Hieroso-

159 3861 320 3948 lymitano
346 3858 468 3924 factum
497 3880 568 3925 esse
593 3859 783 3924 adnotatum
809 3869 869 3927 est.
914 3858 1027 3946 Nuper
1047 3881 1126 3924 vero
1148 3859 1235 3946 Aug.
1257 3859 1364 3926 Maius
1385 3861 1420 3924 in
1442 3859 1611 3948 Spicilegii

159 3963 301 4030 Romani
328 3971 415 4027 tome
444 3970 559 4047 quarto
581 3981 741 4026 canonum
764 3981 892 4047 queque
914 3970 947 4025 et
969 3960 1161 4028 triodiorum
1181 3960 1355 4048 Sophronii
1376 3985 1531 4048 maguum
1553 3986 1610 4028 nu-

159 4083 350 4128 merum'ex
373 4062 485 4129 codice
508 4061 667 4128 Vaticano
691 4059 805 4126 edidit.
850 4060 915 4127 Sed
943 4064 1050 4128 virum
1078 4063 1293 4128 clarissimum
1321 4065 1461 4149 turpiter
1482 4063 1610 4150 lapsum

159 4186 233 4230 esse
261 4174 294 4229 et
320 4165 430 4230 emnia
458 4165 522 4228 ista
548 4164 693 4229 earmina
720 4184 785 4227 non
810 4183 830 4226 a
857 4163 1040 4249 Sophronis
1069 4164 1269 4250 patriarcba,
1304 4165 1362 4230 sed
1394 4163 1436 4227 ab
1469 4165 1609 4251 Iosepho

158 4264 408 4354 hymnographo
435 4264 615 4351 composita
642 4287 713 4330 esse
735 4265 910 4330 Paranicas
933 4287 1024 4330 meus
1045 4266 1235 4331 acutissima
1257 4276 1290 4331 et
1310 4263 1500 4332 doctissime
1522 4287 1609 4333 cem-

157 4369 359 4434 mentatioue
381 4367 494 4444 evicit,
524 4387 607 4453 quae
630 4387 703 4430 oum
724 4367 758 4430 in
781 4368 1020 4432 commentariis
1048 4367 1249 4433 Academiae
1275 4365 1450 4432 bavaricae
1471 4389 1501 4433 a.
1528 4367 1610 4432 1870

157 4470 251 4535 edite
277 4479 379 4552 esset,
403 4468 500 4533 etiam
524 4468 702 4536 Paranicae
726 4465 835 4534 libello
864 4468 1036 4554 ‘Beitrttge
1059 4489 1117 4532 nur
1139 4466 1410 4552 byzantinisehen
1433 4466 1608 4534 Literatur’

155 4572 282 4637 inserta
303 4571 434 4656 legitur.
1147 4625 1153 4633 ,

245 4673 399 4739 Φώτιοε
420 4671 605 4759 patriarcha
627 4657 1006 4756 Constantinopolitanus
1030 4673 1067 4754 (†
1083 4671 1171 4757 891),
1194 4671 1286 4738 errius
1309 4671 1475 4736 doctrinae
1497 4673 1608 4758 copias

155 4795 271 4841 omnes
293 4773 444 4839 novimus
467 4782 499 4839 et
521 4773 733 4854 admiramur,
762 4773 908 4858 poeticae
930 4791 1058 4859 quoque
1080 4773 1159 4856 arti,
1187 4773 1273 4860 quod
1302 4775 1407 4839 miuus
1435 4774 1607 4861 pervulga-
