3800 5474
324 407 449 490 nxxxu
908 379 1192 465 saouseonamss

325 560 483 643 cuiusque
506 557 658 621 carminis
687 554 949 641 cognoscendum
976 555 1182 620 adiuvamur.
1227 553 1344 640 Itaque
1371 552 1584 659 fundamento
1606 554 1777 640 signorum

325 657 368 723 ad
391 658 604 724 intentionem
626 659 719 722 vocis
734 655 986 742 significandam
1001 655 1223 721 adhibitorum
1239 665 1495 742 accentuumque
1510 655 1686 727 verborum
1703 677 1777 720 con-

326 771 439 825 centus
462 781 520 824 nos
543 760 641 826 inniti
664 767 803 846 oportet.
854 757 921 824 Sed
950 766 1078 844 praeter
1106 779 1160 822 eas
1186 779 1342 824 versuum
1370 757 1481 838 sedes,
1512 779 1596 844 quac
1623 758 1659 822 in
1686 755 1778 821 nulla

326 861 462 950 stropha
484 861 615 948 syllaba
636 871 733 926 acuta
754 882 820 924 non
842 857 1030 945 explentur,
1054 859 1139 925 aliae
1161 879 1307 946 quoque,
1330 862 1364 925 in
1387 859 1506 946 quibus
1529 857 1657 945 syllaba
1679 869 1777 922 acuta

326 962 516 1051 plerumque
545 961 703 1029 collocata
731 972 797 1043 est,
832 963 865 1024 in
895 982 1028 1025 censum
1057 961 1225 1026 vocandae
1252 971 1337 1026 sunt.
1381 961 1417 1026 Si
1444 961 1530 1025 enim
1557 961 1704 1040 Προεομ.
1729 957 1776 1021 lV

327 1063 505 1132 versiculos
536 1073 648 1130 sextos
682 1086 714 1151 p.
737 1064 777 1128 67
810 1072 844 1129 ct
874 1065 1016 1144 Προεομ.
1039 1062 1088 1127 VI
1121 1062 1301 1128 versiculos
1334 1063 1456 1150 primos
1489 1083 1522 1148 p.
1550 1061 1592 1125 70
1623 1061 1710 1124 iuter
1743 1082 1777 1123 se

326 1165 524 1233 contuleris:

477 1271 530 1336 καὶ
550 1275 596 1352 τῷ
614 1269 707 1354 πόθῳ
730 1268 887 1346 ἠπείγετο.
1105 1267 1160 1333 ‘ilc
1180 1271 1333 1345 γενναῖον
1354 1268 1390 1332 ἐν
1412 1267 1573 1347 μάρτυτιν.

478 1371 510 1434 ol
533 1372 649 1451 μοχλοὶ
671 1370 903 1450 ευνετρίβηεαν.
983 1425 991 1440 .
1106 1369 1264 1455 ῥωμαλέῳ
1286 1370 1476 1451 φρονήματι.

477 1474 517 1537 τὰ
540 1473 682 1538 θανάτου
704 1471 929 1537 ὀιπένλειεαε.Δ
1105 1478 1152 1554 τῷ
1175 1474 1290 1551 εωτῆρι
1313 1472 1495 1537 colescere.

477 1575 609 1640 καὶτὸν
632 1573 722 1639 λίθον
745 1577 804 1639 τοῦ
826 1573 995 1651 μνήματοε.
1106 1579 1152 1656 τῷ
1173 1577 1229 1652 τῆε
1251 1573 1386 1638 uteretur
1408 1573 1537 1650 Θώρηκι.
1584 1585 1587 1592 “

480 1675 639 1754 [coortos
661 1680 720 1741 τοῦ
742 1675 910 1755 μάμτυμοε.
1106 1673 1152 1739 ὼε
1174 1675 1290 1754 ἀετέρα
1312 1674 1521 1755 πολύφατον.

479 1779 530 1844 καὶ
551 1777 661 1843 θυείαν
683 1775 930 1855 εὐπμόεδεκτον.
1105 1775 1141 1841 ἐν
1163 1777 1301 1861 θαλάττῃ
1323 1797 1360 1856 με
1382 1776 1535 1842 πλέοντα.

480 1880 530 1946 καὶ
553 1885 665 1960 εοφῶτ
686 1877 897 1964 ἀποθέμενος.
1105 1879 1164 1956 τὴν
1186 1869 1386 1958 χρυεήλατον
1408 1877 1575 1954 εάλπιγγα.

479 1983 531 2048 καὶ
552 1981 680 2046 διώκων
702 1981 925 2060 ψυχώλεθμον.
1106 1980 1165 2045 τὸν
1188 1979 1303 2060 ἀετέρα
1323 1982 1382 2046 τὸν
1405 1980 1534 2045 ἄδυτον.

325 2101 423 2166 tertia
444 2108 477 2164 et
499 2109 593 2164 sexta
615 2098 693 2163 sede
715 2096 873 2182 cuiusque
895 2117 1010 2159 versus
1033 2117 1209 2183 numquam
1230 2119 1309 2180 non,
1334 2099 1440 2183 prima
1462 2097 1651 2185 plerumque
1674 2095 1772 2181 sylla·-

324 2203 401 2266 bam
422 2210 552 2266 acutam
582 2200 721 2286 positam
752 2221 823 2262 esse
853 2196 1000 2282 videbis3
1023 2219 1128 2286 neque
1144 2220 1244 2265 causa
1265 2201 1361 2264 huius
1392 2199 1593 2263 discriminis
1608 2206 1641 2261 te
1657 2196 1773 2280 lugiet,

324 2304 352 2368 si
376 2302 489 2367 modos
513 2300 750 2367 versiculorum
772 2299 1013 2365 examinaveris

331 2466 953 2598 ···{·³³³*s)··
1112 2466 1731 2602 2.;Q„.Q,ffi

345 2625 395 2670 και
443 2627 491 2691 τψ
527 2613 622 2690 ποθῳ
658 2629 678 2686 η
721 2625 773 2670 πει
810 2627 847 2683 γε
890 2626 930 2671 το
1134 2629 1178 2673 ωε
1200 2629 1256 2685 γεν
1278 2631 1331 2675 rm
1353 2631 1392 2675 ον
1416 2631 1451 2676 εν
1488 2631 1551 2690 μαμ
1572 2633 1610 2676 τυ
1639 2633 1687 2678 ειν

324 2706 418 2770 Hanc
441 2708 543 2792 igitur
564 2729 633 2771 rem
655 2707 703 2770 ita
724 2707 812 2771 notis
835 2708 1018 2793 exprimere
1040 2709 1149 2772 visum
1164 2720 1230 2791 est,
1251 2720 1289 2774 ut
1305 2711 1434 2796 plenum
1456 2721 1648 2777 concentum
1664 2714 1772 2794 trinis,

324 2808 551 2895 imperfectum
573 2809 662 2873 binis
685 2809 814 2895 punctis
837 2810 871 2874 in
893 2810 980 2874 hunc
1002 2809 1135 2874 modum
1158 2821 1358 2876 notaremus:

408 3012 457 3076 Eo
480 3014 585 3098 magis
609 3023 716 3076 autem
739 3011 824 3078 hunc
847 3015 1022 3099 ancipitem
1046 3036 1173 3101 quoque
1188 3026 1380 3080 concentum
1395 3026 1511 3082 notare
1531 3019 1774 3100 constituimus,

324 3109 412 3198 quod
435 3113 602 3178 simillima
624 3113 785 3201 quaedam
807 3116 1028 3205 inconstantia
1055 3119 1088 3180 in
1111 3116 1274 3181 nonnullis
1304 3119 1455 3192 versibus
1484 3128 1632 3184 veterum
1660 3133 1772 3207 poeta-

322 3235 396 3278 rum
418 3217 576 3298 occurrit,
604 3217 698 3280 utin
720 3215 941 3301 pherecrateis
963 3217 1122 3304 Aeschyli
1144 3220 1235 3306 Sept.
1258 3219 1335 3284 adv.
1356 3219 1488 3287 Thebas
1513 3243 1567 3284 vv.
1592 3222 1675 3304 296,
1698 3225 1773 3306 313,

323 3313 494 3403 glyconeis
518 3317 689 3404 Sophoclis
713 3315 905 3384 Philoctetis
929 3341 984 3383 vv.
1011 3321 1111 3403 1126,
1137 3320 1234 3384 1148:

525 3421 667 3500 πανδαμὶ
689 3421 849 3500 πανομιλί.
1109 3425 1169 3489 τὰν
1192 3425 1270 3504 ἐμὰν
1292 3427 1410 3506 μελέαν
1432 3427 1568 3507 τροφάν.

525 3523 594 3589 θεοὶ
615 3525 694 3588 τοῖα
714 3524 774 3604 μὲν
796 3523 868 3592 ἔξω.
1108 3531 1197 3610 φυγᾷ
1218 3527 1256 3607 p*
1271 3527 1376 3593 οὐκέτ’
1397 3528 1453 3592 ἀπ’
1474 3529 1605 3594 αὐλίων.

322 3629 355 3686 et
376 3623 410 3686 in
432 3621 610 3708 phalaeciis
634 3622 755 3689 Catulli
778 3624 811 3705 Ι,
838 3626 918 3688 1-4
1277 3609 1278 3620 ¹

679 3725 765 3805 Quoi
787 3727 872 3790 dono
894 3726 1040 3814 lepidum
1060 3750 1184 3794 novum
1206 3727 1352 3796 libellum

679 3825 773 3889 arida
796 3827 890 3892 modo
913 3829 1042 3914 pumice
1064 3830 1268 3917 expolitum?

681 3927 829 4011 Corneli,
852 3928 929 3993 tibi:
953 3951 1092 4018 namque
1115 3942 1152 3997 tu
1173 3933 1302 4001 solebas

678 4051 767 4094 meas
791 4051 863 4095 esse
887 4031 1013 4119 aliquid
1033 4044 1148 4121 putare
1169 4057 1284 4120 nugas.

323 4127 422 4210 Quod
445 4152 509 4216 quo
531 4129 727 4197 luculentius
750 4133 948 4219 perspicias,
972 4133 1138 4202 schemata
1160 4136 1247 4201 illius
1270 4161 1383 4204 versus
1407 4137 1576 4224 byzantini
1601 4148 1634 4204 et
1657 4163 1773 4207 versus

320 4233 473 4320 glyconei
496 4232 591 4298 iuxta
612 4235 719 4321 posita
740 4233 906 4300 conferas:

406 4419 478 4486 Iam
500 4421 529 4485 si
550 4429 584 4485 et
598 4421 726 4508 plenam
743 4431 775 4486 et
790 4423 1013 4510 imperfectam
1036 4427 1281 4510 congruentiam
1304 4439 1496 4494 accentuum
1513 4428 1772 4498 consideraveri-

321 4541 408 4604 mus,
430 4521 549 4586 multos
573 4523 752 4589 versiculos
775 4527 970 4612 byzantinos
992 4549 1162 4591 numerose
1184 4528 1339 4593 cadentes
1369 4539 1401 4594 et
1421 4532 1632 4596 manifestam
1655 4533 1772 4599 simili-

323 4624 470 4688 tudinem
492 4645 566 4688 oum
589 4627 733 4691 metricis
762 4625 842 4692 colis
871 4637 1019 4693 veterum
1041 4638 1210 4714 poetarum
1238 4652 1317 4716 prae
1339 4654 1374 4696 se
1404 4632 1547 4698 serentes
1569 4632 1772 4700 videbimus.

321 4723 374 4788 En
397 4726 477 4790 satis
501 4725 642 4813 amplam
665 4749 802 4793 messem
825 4727 939 4793 talium
963 4729 1197 4795 versiculorum
1213 4731 1386 4797 schematis
1409 4734 1599 4820 byzantinis
1627 4746 1661 4800 ct
1684 4749 1773 4802 vete·

321 4826 411 4891 ribus
434 4829 528 4894 iuxta
551 4830 666 4918 positis
690 4830 901 4896 illustratam:
937 4879 940 4885 .
