3800 5474
318 413 431 472 XCVIII
901 409 1182 470 PROLEGOMENA.

319 562 580 649 repugnantibus
601 562 743 624 inserere
766 562 873 626 visum
896 571 955 624 est.
999 560 1083 625 Nam
1106 561 1162 645 qui
1184 561 1330 624 carmina
1351 559 1529 645 byzantina
1546 559 1679 626 edenda
1701 582 1769 624 sus·
1872 583 1873 640 j

320 664 454 750 ceperit,
471 684 544 726 eum
567 661 707 747 legibus,
730 684 809 747 quas
833 661 874 725 de
896 683 1030 728 numero
1053 660 1264 748 syllabarum,
1286 671 1480 726 accentuum
1503 673 1661 727 concentu
1667 709 1688 746 ,.
1700 684 1769 726 cae·

319 788 413 830 surae
436 765 620 828 constantia
643 764 797 850 exposui,
821 773 985 850 tamquam
1001 762 1114 848 regula
1129 764 1163 828 in
1177 763 1329 828 versibus
1345 764 1532 849 digerendis
1548 775 1580 830 et
1596 763 1770 828 verborum

319 877 414 932 textu
430 866 660 931 constituendo
675 867 724 929 nti
740 887 799 952 par
815 875 847 930 et
862 875 1115 930 consentaneum
1132 875 1191 931 est.
1215 865 1378 952 Equidem
1395 889 1458 930 non
1474 865 1577 931 solum
1593 865 1666 931 illas
1682 865 1770 950 leges

319 971 442 1054 primus
465 969 594 1054 aperui,
618 967 675 1032 sed
699 969 798 1032 etiam
822 989 931 1030 earnm
960 990 1073 1032 norma
1099 970 1134 1032 in
1160 965 1269 1032 multis
1298 966 1394 1048 loeis,
1424 970 1480 1054 qni
1502 967 1624 1032 turbati
1647 978 1680 1031 et
1702 989 1770 1031 cor·

319 1072 407 1157 rupti
429 1071 462 1133 in
491 1069 690 1137 editionibus
718 1067 924 1151 ferebantur,
954 1070 1167 1133 emendandis
1191 1081 1223 1135 et
1245 1067 1366 1134 rectius
1389 1057 1602 1156 disponendis
1624 1090 1685 1132 nee
1706 1091 1770 1132 non

272 1255 277 1263 Ι
318 1174 353 1236 in
377 1173 476 1236 variis
499 1171 694 1235 lectionibus
718 1170 867 1236 codicum
896 1169 1121 1234 examinandis
1151 1193 1229 1235 usus
1257 1193 1338 1234 sum.
1390 1171 1552 1251 Quamvis
1582 1173 1668 1234 enim
1695 1167 1770 1232 libri
1872 1183 1873 1204 ¹

319 1276 353 1338 in
377 1273 568 1358 vulgaribus
592 1271 792 1360 carminibus
816 1292 1012 1359 magnopere
1034 1273 1118 1338 inter
1141 1295 1176 1336 se
1204 1272 1366 1339 dissidere
1395 1271 1536 1354 soleant,
1565 1283 1673 1336 tamen
1702 1271 1768 1358 ple-

318 1395 453 1461 rumque
475 1393 526 1437 res
549 1375 597 1438 ita
619 1383 808 1460 comparata
830 1383 897 1457 est,
918 1382 955 1438 ut
976 1383 1093 1439 neutra
1114 1373 1211 1440 lectio
1235 1373 1361 1460 legibus
1378 1396 1583 1438 numerorum
1599 1382 1768 1458 repugnet.

318 1477 385 1559 Sic,
408 1487 445 1541 ut
466 1498 568 1540 unum
591 1496 633 1539 ex
655 1474 768 1548 multis
792 1475 976 1562 exemplum
998 1473 1150 1559 afferam,
1174 1477 1209 1539 in
1230 1478 1372 1558 Προτομ.
1395 1474 1441 1556 II,
1465 1476 1504 1559 γ’,
1531 1476 1567 1538 11
1592 1475 1653 1539 λοο
1676 1474 1769 1538 modo

317 1578 449 1644 codices
473 1575 504 1641 G
527 1585 560 1640 et
582 1575 610 1638 F
632 1577 777 1641 variant:

363 1680 470 1760 ὥοπερ
494 1681 529 1744 δὲ
551 1682 715 1759 πλῆκτρον
737 1681 794 1758 τὴν
816 1683 963 1756 γλῶτταν
986 1678 1148 1746 ἀνακινῶν
1173 1681 1177 1764 Ι
1200 1687 1239 1764 τῇ
1263 1682 1488 1764 βροντοφώνῳ
1510 1700 1569 1744 του
1589 1679 1726 1762 γλώττῃ.

364 1782 471 1861 ὥοπερ
493 1782 529 1844 δὲ
551 1785 715 1860 πλῆκτρον
736 1781 795 1858 τὴν
817 1783 965 1857 γλῶτταν
989 1781 1177 1862 ἀναφωνῶν
1202 1781 1205 1866 l
1229 1789 1266 1866 τῇ
1291 1783 1505 1864 βροντοφόρψ
1529 1801 1586 1847 του
1608 1783 1741 1864 γλώττῃ.

320 1883 372 1947 En
395 1880 460 1946 duo
482 1881 585 1946 verba
606 1880 702 1945 aliter
723 1879 787 1945 alio
810 1882 844 1944 in
866 1881 979 1946 codice
1006 1883 1143 1970 scripta,
1172 1885 1220 1948 ita
1247 1895 1354 1947 tamen
1384 1884 1526 1962 variata,
1555 1890 1591 1945 ut
1612 1891 1770 1968 utraeque

319 1984 474 2048 lectiones
497 1981 698 2069 syllabarum
721 1991 754 2047 et
775 2005 909 2048 numero
932 1993 965 2048 et
986 1993 1122 2048 accentu
1139 1987 1321 2050 concinant.
1359 1983 1425 2050 Sed
1441 1994 1572 2070 praeter
1593 2004 1648 2048 eos
1672 1982 1769 2066 locos,

318 2085 437 2172 quibus
460 2083 537 2148 libri
560 2085 668 2148 varias
690 2105 749 2147 nec
771 2084 877 2149 modis
893 2085 1117 2172 obstrepentes
1133 2085 1289 2152 lectiones
1305 2085 1572 2174 suppeditabant,
1596 2095 1628 2149 et
1642 2094 1770 2171 praeter

317 2187 408 2271 illos,
438 2207 575 2273 quorum
605 2206 729 2249 errores
752 2185 850 2250 facile
872 2188 1033 2252 removeri
1060 2196 1229 2274 poterant,
1262 2187 1320 2251 alii
1353 2186 1582 2269 occurrebant,
1611 2189 1667 2272 qui
1697 2209 1770 2250 cnm

317 2288 405 2373 leges
433 2309 640 2352 numerorum
668 2286 854 2370 turbarent,
889 2297 1001 2352 tamen
1027 2287 1230 2376 corruptelae
1259 2290 1472 2376 suspitionem
1504 2310 1570 2353 non
1596 2287 1770 2354 admittere

317 2389 525 2454 videbantur.
569 2391 680 2474 Atque
701 2389 807 2453 minus
830 2388 963 2475 quidem
985 2388 1042 2452 illa
1057 2391 1205 2477 tropario
1223 2392 1368 2454 animum
1384 2389 1609 2472 offendebant,
1633 2411 1768 2476 quorum

316 2501 468 2556 accentus
497 2485 563 2555 non
591 2511 633 2554 ex
656 2492 745 2554 omni
766 2500 859 2576 parte
881 2471 1107 2556 concinebant.
1151 2491 1235 2555 Nam
1263 2502 1410 2557 cantores
1432 2512 1567 2576 graecm
1591 2489 1770 2555 cantilenas

317 2592 364 2656 ita
386 2603 539 2658 canentes
562 2593 627 2679 ipsi
649 2591 853 2673 audivimus,
876 2602 913 2658 ut
933 2615 1001 2658 non
1016 2590 1120 2657 solnm
1136 2593 1327 2680 praecipuos
1343 2603 1513 2674 accentus,
1536 2615 1672 2679 quorum
1696 2615 1768 2656 con·

317 2703 413 2758 centu
435 2694 561 2758 numeri
590 2693 749 2779 modique
771 2695 928 2781 cuiusque
957 2715 1072 2759 versus
1099 2695 1320 2779 eontinentur,
1350 2694 1438 2758 clara
1459 2703 1492 2758 et
1513 2695 1669 2758 distincta
1691 2715 1770 2759 voce

318 2795 554 2882 exprimerent,
588 2795 645 2860 sed
674 2817 716 2860 ne
743 2794 884 2883 reliquos
911 2795 1042 2883 quidem
1070 2818 1202 2883 prorsus
1225 2797 1450 2883 neglegerent,
1485 2817 1566 2881 quos
1594 2817 1669 2861 cum
1697 2794 1770 2860 aliis

316 2897 396 2962 locis
424 2895 497 2960 aliis
525 2897 560 2960 in
587 2897 743 2983 tropariis
765 2920 886 2984 ponere
909 2908 1024 2984 poetae
1046 2919 1111 2962 non
1133 2898 1330 2983 dubitarent,
1357 2898 1480 2964 factum
1509 2906 1573 2978 est,
1606 2907 1643 2960 ut
1671 2897 1770 2960 etiarn

315 3000 442 3064 numeri
464 3019 618 3064 versuum
641 2998 705 3063 sibi
727 2999 994 3086 respondentium
1017 2999 1185 3086 paululum
1208 3001 1385 3065 variarent.
1422 2998 1515 3064 Idem
1537 3007 1648 3063 autem
1671 2999 1770 3063 etiam

315 3099 403 3186 apud
427 3109 554 3165 veteres
578 3100 723 3165 Graecos
745 3122 806 3164 usu
828 3101 976 3184 venisse,
1005 3102 1082 3165 inde
1105 3101 1297 3184 concludas,
1321 3101 1408 3188 quod
1432 3100 1570 3165 duarum
1593 3099 1770 3164 formarum

216 3239 222 3250 ·
315 3222 431 3266 versus
453 3199 605 3288 glyconei

314 3405 433 3488 altera,
455 3413 492 3470 ut
514 3427 597 3491 quae
619 3415 846 3490 assurgentem
867 3427 981 3470 vocem
1003 3404 1120 3470 melius
1143 3407 1291 3488 adiuvet,
1316 3409 1384 3473 fere
1405 3408 1440 3470 in
1463 3407 1599 3471 exordio
1621 3406 1769 3493 stropha-

313 3529 402 3590 rum,
426 3508 535 3593 priore
557 3509 590 3572 in
614 3506 731 3572 mediis
755 3517 787 3572 et
808 3506 933 3573 ultimis
955 3506 1100 3594 periodis
1123 3508 1309 3592 utebantur,
1331 3510 1423 3575 cuius
1438 3509 1486 3572 rei
1502 3531 1576 3574 cum
1598 3511 1772 3573 innumera

314 3609 510 3674 documenta
533 3609 644 3674 afferri
666 3611 809 3696 possint,
832 3631 934 3674 unum
957 3630 1086 3673 carmen
1108 3610 1246 3675 Pindari
1268 3611 1360 3676 Nem.
1384 3609 1419 3675 II
1441 3609 1550 3676 laudo.
1594 3610 1772 3692 Praeterea

313 3709 376 3775 hoc
398 3730 525 3795 quoque
540 3708 671 3793 accidit,
694 3719 731 3774 ut
745 3732 819 3775 eum
834 3711 965 3797 protypi
980 3710 1133 3775 carminis
1149 3711 1230 3776 alios
1248 3711 1305 3776 alii
1320 3714 1512 3799 praecipuos
1528 3721 1681 3776 accentus
1698 3733 1771 3776 esse

315 3811 487 3893 ducerent,
518 3810 634 3875 barum
662 3809 918 3898 discrepantium
946 3813 1136 3898 opinionum
1164 3823 1261 3878 notae
1288 3815 1323 3878 in
1345 3813 1505 3879 similibus
1534 3814 1771 3898 (apocouoiort)

314 3911 467 3998 tropariis
495 3933 670 3999 expressae
699 3913 776 3978 sint.
826 3913 883 3980 Sic
909 3914 1061 3980 versiculi
1090 3895 1294 3980 celeberrimi
1321 3917 1424 3997 Ὅλην
1453 3916 1648 3996 ἀποθέμενοι
1678 3915 1771 3997 (vide

313 4036 345 4099 p.
370 4014 425 4094 76)
453 4011 510 4076 alii
538 4024 669 4100 praeter
698 4016 843 4100 quintam
873 4014 1033 4103 syllabam
1061 4018 1199 4102 primam
1227 4038 1355 4108 quoque
1382 4038 1558 4103 numquam
1586 4038 1651 4081 non
1674 4037 1770 4082 acue-

313 4116 410 4196 bant,
439 4113 512 4197 alii,
542 4137 615 4180 cum
646 4116 680 4180 in
708 4118 840 4203 quintae
866 4116 1014 4204 syllabae
1042 4129 1177 4183 accentu
1204 4118 1274 4184 solo
1301 4118 1406 4204 legem
1435 4118 1602 4183 modorum
1625 4117 1771 4204 positam

314 4237 385 4300 esse
413 4217 607 4298 sensissent,
641 4219 803 4284 secundae
833 4240 931 4305 quarn
965 4221 1090 4305 primae
1118 4219 1266 4306 syllabae
1294 4219 1454 4286 secundas
1484 4227 1594 4306 partes
1622 4218 1773 4284 tribuere

312 4317 496 4401 malebant,
524 4319 559 4383 id
582 4318 668 4406 quod
691 4342 734 4386 ex
756 4320 869 4408 primis
893 4320 1063 4385 versiculis
1092 4319 1230 4385 duorum
1257 4321 1412 4386 similium
1441 4321 1621 4386 canninum
1650 4318 1772 4385 elarius

313 4418 471 4485 elucebit:

362 4544 438 4602 ττιχ.
454 4520 488 4590 Z'.
516 4523 596 4603 ὅλην
619 4524 824 4606 ἀποθέμενοι.
1054 4545 1129 4605 tux.
1147 4526 1180 4590 ε’.
1210 4526 1229 4590 ὁ
1252 4526 1391 4606 πλάττητ
1414 4546 1475 4604 μου
1495 4525 1613 4604 κύριος.

517 4624 602 4690 ὅλως
624 4624 820 4706 ἀγαπήτακα.
1206 4629 1321 4708 ετολὴν
1344 4625 1559 4708 θεοΰφοιντον.

515 4726 642 4793 παίδων
665 4728 859 4808 ἐττερήθητε.
1205 4730 1375 4810 παράδειτε
1398 4729 1544 4809 πάντιμε.

313 4836 346 4889 ολ
368 4826 474 4890 simile
496 4826 653 4913 quiddam
676 4829 711 4891 in
732 4828 829 4892 tertio
852 4827 921 4892 colo
944 4828 1090 4894 eiusdem
1113 4831 1267 4894 carminis
1290 4829 1413 4894 factum
1436 4839 1502 4895 est:
