3800 5474
307 395 404 449 LIBRI
419 395 467 448 lll.
497 395 545 448 DE
560 393 786 450 RHYTHMIOlS
801 393 955 448 LEGIBUS
971 393 1167 448 claumos
1182 391 1482 448 BYZANTINORUM.
1532 389 1630 445 Lxxv

181 540 329 606 sionibus
352 561 428 604 usos
451 561 522 604 esse
544 539 683 605 calidius
697 537 851 625 colligas,
876 540 971 626 longe
993 539 1142 627 plurimis
1165 539 1244 604 locis
1266 538 1474 622 neglegentia
1495 545 1527 602 et
1549 538 1630 602 osci·

180 643 284 706 tantia
306 639 486 706 scribarum
508 650 678 728 peccatum
701 651 761 707 est.
805 643 915 729 Atque
936 653 974 707 ut
996 640 1060 707 alio
1084 641 1166 706 alios
1196 640 1350 705 librarius
1372 643 1405 704 in
1428 638 1532 704 literis
1547 635 1631 704 'exa-

179 743 291 808 randis
314 741 497 828 religiosior
519 752 552 808 et
574 741 868 828 diligentior-erat,
891 746 939 810 sic
962 746 1035 811 cols
1056 763 1185 830 quoque
1207 743 1241 806 in
1263 740 1432 807 codicibus
1448 740 1522 806 DE
1537 760 1631 804 accu-

179 846 358 927 ratissime,
387 846 420 908 in
448 845 520 910 Ao
548 843 834 930 neglegentissime
862 845 1018 912 distincta
1038 855 1125 910 sunt.
1169 843 1335 909 Maximae
1358 863 1436 906 vero
1459 841 1575 908 turbae
1597 841 1631 904 iu

180 945 258 1012 colis
282 944 470 1011 dividendis
494 945 709 1031 ambiguitate
731 935 881 1011 notarum
904 957 995 1013 ortas
1018 956 1109 1030 sunt3
1138 968 1210 1011 cunr
1238 946 1324 1008 enim
1350 945 1386 1008 in
1413 942 1492 1008 colis
1520 963 1631 1007 nume-

179 1069 287 1114 rorum
315 1046 558 1132 distinguendis
592 1047 724 1129 iisdem,
758 1048 877 1134 quibus
911 1049 944 1112 in
972 1047 1127 1112 membris
1160 1047 1316 1111 orationis
1349 1043 1631 1130 interpungendis‚

180 1151 266 1216 notis
289 1158 468 1232 uterentur,
491 1171 595 1234 neque
617 1171 747 1236 semper
766 1151 937 1235 utriusque
958 1150 1008 1214 rei
1030 1147 1162 1213 eaedem
1176 1147 1320 1212 rationes
1336 1157 1459 1228 essent,
1482 1145 1551 1210 fieri
1566 1165 1631 1208 non

180 1253 303 1336 potuit,
332 1251 412 1336 quin
439 1249 565 1316 librarii
593 1251 627 1314 in
654 1271 780 1314 errores
802 1249 1045 1315 inducerentur.
1090 1249 1154 1314 Sed
1178 1249 1211 1314 hi
1234 1271 1362 1336 quoque
1384 1267 1509 1312 errores
1531 1245 1631 1333 pluri-

181 1354 242 1416 bus
264 1351 427 1416 similibus
451 1353 603 1439 tropariis
625 1353 712 1417 iuter
734 1374 769 1416 se
791 1351 917 1418 collatis
940 1350 1035 1416 facile
1058 1349 1204 1438 plerique
1226 1351 1387 1415 removeri
1409 1357 1556 1437 possunt.

265 1453 408 1519 Numero
437 1453 673 1518 versiculorum
701 1475 898 1541 magnopere
928 1452 1072 1539 tropacis
1099 1453 1183 1516 iuter
1209 1474 1245 1516 se
1272 1451 1440 1530 differunt,
1470 1449 1529 1514 sed
1558 1471 1631 1513 raro

180 1556 267 1620 infra
294 1564 433 1640 quatuor
460 1556 607 1622 membra
634 1554 836 1620 descendunt
856 1565 914 1620 aut
935 1577 1033 1642 supra
1055 1554 1175 1638 viginti
1197 1555 1466 1640 progrediuntur3
1490 1551 1557 1616 fere
1580 1553 1631 1615 iis-

181 1655 256 1721 dem
283 1657 387 1741 igitur
414 1657 550 1739 finibus,
579 1657 697 1744 quibus
724 1656 879 1743 strophae
906 1666 1053 1722 veterum
1082 1665 1251 1743 poetarum
1273 1655 1449 1742 lyricorum
1472 1661 1504 1718 et
1527 1653 1630 1718 sceui·

180 1780 289 1822 uorum
311 1757 532 1827 includuntur.
576 1758 751 1823 Praeterea
776 1759 838 1823 hac
866 1779 993 1845 quoque
1014 1780 1051 1822 re
1072 1768 1200 1824 veteres
1223 1756 1375 1843 strophae
1399 1767 1431 1820 et
1455 1755 1632 1842 byzantina

181 1860 326 1947 tropario
347 1861 562 1941 concordant,
584 1859 672 1945 quod
695 1858 818 1946 singuli
840 1858 993 1925 versiculi
1016 1860 1206 1950 plerumque
1228 1858 1370 1945 disparis
1392 1856 1629 1944 magnitudinis

180 1969 255 2026 sunt
277 1971 310 2026 et
324 1962 488 2047 rarissime
502 1963 566 2026 tria
579 1971 761 2048 quatuorve
775 1961 922 2028 membra
937 1961 1080 2027 eiusdem
1097 1959 1251 2049 strophae
1265 1959 1395 2046 gemina
1409 1958 1630 2024 inveniuntur.

579 2217 643 2282 DE
666 2217 796 2286 COLlS
820 2218 925 2284 SIVE
946 2215 1226 2284 VERSIOULIS.

264 2369 376 2434 Prima
396 2370 499 2454 igitur
520 2369 573 2435 lex
596 2371 849 2459 byzantinorum
871 2372 1051 2436 carminum
1074 2380 1159 2453 erat,
1182 2381 1218 2435 ut
1240 2391 1323 2457 quac
1345 2373 1491 2458 troparia
1513 2369 1630 2436 iisdem

179 2469 285 2535 modis
308 2468 495 2556 utebantur,
517 2473 588 2560 pari
610 2474 845 2539 versiculorum
868 2495 1001 2539 numero
1024 2482 1222 2538 constarent.
1255 2473 1325 2537 Iam
1349 2472 1429 2537 illud
1452 2475 1630 2560 quaeritur,

179 2571 298 2658 quibus
319 2571 454 2636 tandem
482 2573 610 2658 legibus
636 2575 743 2642 forma
770 2574 972 2661 singulorum
994 2575 1213 2641 membrorum
1234 2575 1307 2661 ipsa
1327 2573 1456 2660 illigata
1477 2576 1577 2639 fuerit
1600 2585 1633 2638 et

179 2672 298 2760 quibus
328 2672 427 2738 rebus
455 2675 578 2741 factum
606 2677 663 2757 sit,
692 2685 728 2742 ut
755 2697 838 2763 quae
866 2679 899 2742 iu
928 2676 1056 2742 duobus
1085 2675 1275 2763 pluribusve
1301 2677 1455 2763 tropariis
1487 2675 1633 2740 membra

179 2776 245 2841 sibi
266 2776 523 2863 respondebant,
547 2779 598 2842 sui
619 2777 739 2843 similia
761 2799 832 2842 esse
854 2777 1054 2844 viderentur.
1099 2779 1207 2865 Atque
1228 2778 1461 2866 boo-quidem,
1486 2779 1515 2842 si
1537 2778 1631 2842 Ioan-

179 2878 232 2941 nis
254 2885 320 2941 tres
342 2899 482 2942 canones
505 2879 664 2944 iambicos
687 2881 872 2964 exceperis,
900 2882 934 2945 in
956 2880 1128 2968 propatulo
1151 2892 1200 2946 est
1227 2879 1475 2944 similitudinem
1503 2879 1631 2966 quanti-

180 2980 258 3044 tatis
281 2977 481 3067 syllabarum
504 2978 627 3046 nullam
650 3001 721 3046 esse
743 3001 804 3046 neo
826 2991 914 3046 oerto
937 2982 1051 3046 ordine
1073 2981 1218 3068 syllabas
1240 2982 1355 3066 longas
1372 2992 1404 3046 et
1420 2981 1537 3046 breves
1560 3001 1632 3045 sese

181 3081 342 3167 excipere.
380 3081 452 3146 Hoc
473 3083 574 3166 igitur
594 3083 725 3147 nomine
747 3083 927 3168 byzantina
947 3085 1094 3150 carmina
1115 3085 1157 3149 ab
1180 3082 1251 3149 odis
1267 3094 1415 3150 veterum
1431 3083 1631 3148 Graecorum

180 3180 276 3268 plane
296 3183 464 3265 differunt3
493 3205 557 3270 quo
580 3205 652 3248 oum
676 3183 827 3269 accedat,
855 3185 943 3271 quod
965 3187 1087 3267 hiatus,
1119 3207 1215 3272 quem
1242 3185 1466 3250 limatissimus
1495 3185 1632 3272 quisque

180 3293 349 3373 pectamur
380 3295 528 3350 veterum
557 3285 800 3372 religiosissime
828 3285 972 3370 vitabat,
1008 3309 1106 3374 saepe
1140 3285 1304 3354 admissus
1332 3296 1397 3368 est,
1434 3285 1554 3352 Suidas
1581 3307 1632 3349 ca·

179 3407 282 3450 nones
315 3385 511 3471 bysantinos
544 3410 641 3474 prosa
673 3390 820 3454 oratioue
842 3369 1093 3471 (καταλογάδῆν)
1125 3391 1329 3475 conscriptos
1358 3409 1429 3452 esse
1461 3386 1631 3452 iudicavit.

180 3484 246 3552 Sed
274 3496 311 3552 ut
338 3486 459 3552 melodi
489 3486 658 3554 christiani
686 3490 743 3572 iis,
780 3489 898 3576 quibus
928 3498 1056 3554 veteres
1085 3499 1214 3575 poetae,
1252 3489 1379 3574 legibus
1406 3511 1471 3553 nou
1506 3489 1631 3552 astricti

182 3589 320 3668 fuerint,
343 3599 433 3654 certa
455 3599 564 3655 tamen
591 3590 702 3677 aliqua
727 3612 842 3655 norma
869 3613 924 3656 eos
952 3591 1108 3656 coercitos
1142 3590 1244 3656 fuisse
1271 3593 1344 3678 ipsa
1371 3611 1485 3655 versus
1513 3599 1633 3654 natura

179 3687 309 3754 clamat.
352 3691 462 3776 Atque
486 3691 582 3763 Pitra
608 3694 642 3756 in
670 3691 753 3757 libro
782 3714 880 3779 saepe
906 3694 971 3756 iam
999 3691 1131 3758 laudato
1159 3715 1263 3779 nuper
1291 3691 1549 3758 luculentissime
1576 3691 1631 3754 dc-

179 3791 378 3856 monstravit
405 3792 598 3871 versiculos,
625 3795 679 3880 qui
708 3793 772 3859 'sibi
793 3795 935 3860 invicem
957 3793 1209 3882 responderent,
1237 3795 1375 3862 totidem
1397 3792 1534 3883 syllabis
1557 3815 1631 3858 con·
1693 3839 1698 3849 -

180 3901 267 3956 stare
300 3915 534 3979 numerumque
567 3893 769 3980 syllabarum
802 3896 882 3960 artis
915 3906 1027 3962 vatum
1060 3897 1309 3964 christianorum
1343 3884 1436 3983 quasi
1465 3894 1632 3960 cardinem

179 3993 291 4058 luisse.
337 3993 402 4059 Sed
432 4007 467 4061 ut
494 3996 556 4061 hoo
583 3998 764 4070 rectissime
790 3998 842 4061 vir
869 3995 1069 4063 clarissimus
1097 4000 1282 4086 perspexit,
1312 4000 1358 4063 ita
1384 4018 1490 4085 neque
1516 4019 1631 4062 causas

179 4094 276 4158 huius
305 4097 352 4160 rei
381 4097 463 4160 bene
492 4098 621 4183 aperuit
649 4105 681 4163 et
707 4098 808 4162 nimia
839 4099 1016 4165 severitate
1043 4101 1076 4164 in
1104 4101 1253 4166 versibus
1281 4102 1323 4165 ad
1356 4102 1451 4165 istam
1486 4121 1632 4164 normam

179 4196 351 4280 exigendis
373 4219 452 4262 usus
474 4208 534 4263 cst.
577 4199 726 4285 Namque
747 4199 897 4265 codicum
918 4200 1014 4265 fidem
1037 4202 1065 4265 si
1088 4203 1269 4287 sequimur,
1298 4202 1378 4266 satis
1400 4221 1537 4286 magnus
1560 4191 1632 4265 ver·

179 4295 354 4362 siculorum
386 4320 539 4364 numerus
572 4309 696 4383 exstat,
730 4302 804 4388 qui,
837 4323 910 4365 cum
942 4300 1064 4366 nullam
1093 4302 1354 4389 interpolationis
1388 4301 1633 4388 corruptelaevc

148 4462 157 4480 ,
178 4399 393 4482 suspitionem
414 4399 604 4485 admittant,
628 4423 697 4484 eos,
720 4405 775 4488 qui
798 4403 840 4466 iis
863 4401 1079 4490 respondent,
1109 4425 1224 4468 versus
1245 4426 1311 4468 una
1333 4402 1478 4468 alterave
1506 4401 1634 4489 syllaba

179 4509 344 4585 superant.
391 4499 505 4588 Neque
526 4504 560 4567 in
582 4505 709 4588 graecis
733 4503 932 4568 carminibus
955 4502 1034 4568 solis
1057 4505 1116 4570 hoc
1139 4504 1350 4587 factumest,
1379 4503 1437 4570 scd
1459 4503 1633 4569 latinarum

179 4623 308 4687 quoque
336 4603 577 4688 sequentiarum
605 4603 804 4670 simillimam
830 4604 995 4669 licentiam
1019 4606 1055 4671 O.
1078 4605 1217 4672 Bartsch
1244 4607 1277 4672 in
1304 4605 1389 4672 libro
1417 4606 1482 4670 Die
1503 4606 1631 4671 lateini-

179 4700 280 4767 schen
308 4702 501 4790 Sequenzen
529 4704 587 4770 des
614 4705 822 4771 Mittelalters
845 4707 878 4770 S.
901 4707 1027 4772 34-46
1049 4708 1228 4793 indagavit.
1273 4707 1350 4787 Qua
1376 4707 1417 4771 de
1442 4727 1541 4772 causa
1567 4706 1633 4772 nisi

179 4804 281 4870 nimia
302 4803 440 4870 audacia
461 4807 496 4871 in
517 4817 586 4871 arte
601 4807 717 4874 critica
732 4807 915 4873 exercenda
929 4809 977 4872 uti
992 4808 1103 4891 malis,
1127 4810 1334 4876 severitatem
1350 4811 1384 4874 in
1404 4809 1476 4896 pari
1497 4829 1632 4872 numero
