3800 5474
901 405 1183 465 PROLEGOMENA.

350 660 490 724 Ioannes
514 659 667 723 Damaso.
690 680 763 724 can.
786 657 1008 744 apostolorum
1030 657 1120 724 Petri
1142 668 1175 723 et
1197 657 1292 722 Pauli
1316 659 1382 742 (29.
1406 657 1495 743 Iun.)
1518 658 1569 723 od.
1593 654 1620 731 ς’
1645 683 1678 724 ν.
1701 659 1743 724 5:

675 779 712 845 ἐν
735 779 872 862 ὁμονοίᾳ
893 778 1069 861 φυλάττων
1091 780 1148 860 τὴν
1170 779 1308 859 ποίμνην
1332 799 1399 844 ςου.

676 888 903 960 τερατουργῶν
925 881 1116 961 παραδόξως
1138 885 1176 965 τῇ
1198 880 1310 960 χάριτι.
1391 973 1394 978 Ι
1421 963 1425 968 ¹

676 984 735 1061 τὴν
757 989 822 1049 τῶν
845 982 1016 1064 θαυμάτων
1039 982 1214 1063 ἐπλούτηςε
1237 983 1382 1062 δύναμιν.

537 1103 542 1129 ²
617 1098 649 1153 ί.
756 1102 1187 1156 -ον-ιςνοτευεΑόοιιίιια.

544 1201 683 1268 Ioannes
706 1201 860 1266 Damaso.
885 1224 956 1267 can.
980 1201 998 1265 Ι
1020 1201 1073 1267 od.
1096 1201 1128 1280 γ’
1148 1223 1181 1264 ν.
1206 1203 1239 1280 1,
1262 1201 1291 1268 δ’
1313 1224 1345 1266 ν.
1371 1205 1399 1285 1,
1422 1200 1450 1283 η’
1473 1224 1505 1266 ν.
1530 1204 1563 1265 1:

426 1327 542 1388 νεῦςον
565 1324 648 1402 πρὸς
670 1323 798 1401 ὕμνους.
927 1321 996 1387 ίςος
1018 1323 1189 1400 προῆλθες.
1317 1322 1439 1402 μήτραν
1462 1323 1638 1403 άφλὲκτως.

425 1424 535 1505 νύμφη
558 1425 739 1501 πανάγνου.
926 1424 1003 1502 ἔθνη
1025 1425 1065 1488 τὰ
1087 1423 1237 1502 πρόςθεν.
1319 1423 1420 1504 λύμην
1443 1428 1600 1505 φυγοῦςα.

425 1525 532 1604 ὕψους
555 1525 714 1592 ἀνάςςων.
925 1527 1011 1604 ῥίζης
1033 1527 1156 1604 φυεῑςα
1316 1525 1402 1606 ἥκεις
1422 1527 1586 1603 πλανῆτιν.

415 1778 535 1843 OOLA
557 1778 805 1844 GLYCONEA
829 1778 888 1844 ΕΤ
911 1777 1251 1843 PHERECRATEA
1274 1777 1333 1843 ΕΤ
1355 1777 1671 1843 LOGAOEDIOA:

800 2037 942 2116 Προςομ.
967 2033 1050 2100 VIII
1073 2057 1103 2098 ν.
1125 2033 1145 2098 8
1168 2057 1200 2120 p.
1224 2034 1280 2098 74:

492 2151 569 2218 ὅθεν
590 2155 649 2231 τήν
671 2153 832 2231 παναγίαν
855 2174 923 2218 ςου.
1056 2154 1083 2238 ᾧ
1106 2155 1157 2219 καὶ
1179 2157 1238 2218 νῦν
1260 2153 1501 2233 παριςτάμενος.
1544 2219 1548 2228 ,

492 2255 568 2320 όθεν
590 2256 720 2321 καὶτὸν
742 2259 798 2334 τῆς
821 2254 909 2335 νίκης
932 2275 999 2320 ςου.
1057 2257 1165 2321 δεῖξον
1187 2258 1243 2334 τῆς
1267 2255 1472 2334 ὡραιότητος.

804 2477 939 2554 Κάθιςμα
960 2473 1046 2538 VIII
1068 2498 1102 2539 v.
1128 2475 1202 2562 lJp.
1225 2475 1280 2539 62:

519 2597 578 2676 τὴν
600 2597 717 2675 ςοφίαν
740 2598 791 2664 καί
814 2595 923 2672 λόγον.
992 2669 994 2676 ,
1163 2596 1199 2660 ςὺ
1222 2595 1291 2659 υίὸς
1313 2595 1498 2674 ἐπεκλήθης.

519 2701 586 2763 τῶν
609 2703 723 2763 παθῶν
745 2701 803 2764 τοῦ
827 2696 946 2776 κυρίου.
1164 2695 1306 2773 παναγία
1327 2697 1476 2777 παρθένε.

828 2920 965 2999 Κάθιςμα
988 2916 1024 2980 ΙΙ
1046 2941 1078 2982 ν.
1103 2919 1118 2979 1
1143 2939 1174 3002 p.
1197 2917 1253 2980 56:
1644 2985 1650 2996 ‚

359 3037 418 3115 τὴν
440 3035 626 3117 ὡραιότητα
648 3044 652 3122 ί
677 3043 732 3117 τῆς
747 3038 920 3118 παρθενίας
943 3057 1008 3101 ςου.
1055 3038 1094 3101 τό
1116 3037 1339 3102 ἀναλλοίωτον
1365 3035 1369 3118 ί
1393 3037 1509 3114 τὸτῆς
1531 3035 1696 3116 θεότητος.

359 3139 497 3220 ςήμερον
520 3138 626 3205 ἅπαςα
649 3143 653 3224 Ι
677 3141 770 3205 κτίςις
792 3139 972 3216 ἀγάλλεται.
1052 3139 1277 3219 θεομακάριςτε
1305 3139 1307 3222 ί
1331 3142 1429 3218 μῆτερ
1453 3137 1647 3217 ἀνύμφευτε.

532 3257 538 3306 Ξ
558 3297 563 3307 .
586 3298 593 3309 .
613 3275 619 3303 =
639 3297 643 3308 .
663 3278 670 3308 ·.
690 3291 1039 3311 ........
1058 3275 1153 3310 versus
1171 3257 1406 3323 Δτίιόορίιιιιιίοιιε.

381 3359 517 3422 Cosmas
540 3380 612 3423 ean.
638 3357 726 3422 XIII
749 3357 802 3425 od.
825 3357 853 3436 γ’
877 3383 908 3424 ν.
934 3360 948 3421 1
973 3382 1004 3445 p.
1030 3357 1107 3437 196,
1136 3356 1318 3422 Octoechus
1341 3379 1373 3444 p.
1399 3358 1459 3422 163
1481 3357 1533 3424 od.
1556 3357 1584 3422 α’
1608 3379 1640 3420 ν.
1667 3360 1701 3420 l:

521 3481 555 3544 ςὲ
577 3480 635 3544 τὸν
657 3480 709 3544 ἐπὶ
731 3481 868 3545 ὑδάτων.
1161 3478 1287 3559 ᾅςωμεν
1309 3483 1354 3560 τῷ
1377 3477 1483 3561 κυρίῳ.

521 3581 662 3661 ςύμβολα
683 3585 740 3661 τῆς
761 3585 866 3662 ταφῆς
888 3601 955 3644 ςου.
1160 3578 1298 3659 ἄχραντε
1321 3580 1459 3644 θεοτόκε.

520 3683 672 3760 ἥπλωςας
694 3687 753 3748 τὰς
774 3683 924 3759 ἀγκάλας.
1161 3681 1277 3762 βότρυν
1301 3702 1332 3746 ςε
1355 3682 1537 3761 ζωηφόρον.

496 3901 636 3967 Ioannes
660 3902 815 3966 Damaso.
839 3923 911 3966 ααιι.
935 3901 1001 3966 v11
1024 3901 1076 3965 od.
1100 3901 1129 3965 α’
1151 3925 1183 3964 v.
1210 3903 1243 3984 1,
1269 3903 1405 3982 Κάθιςμα
1426 3901 1444 3965 Ι
1466 3923 1498 3964 ν.
1524 3861 1596 3964 11εΔ

517 4021 639 4088 ἀνοίξω
660 4022 699 4087 τὸ
722 4022 821 4103 ςτόμα
842 4041 912 4102 μου.
1159 4021 1204 4084 ὡς
1227 4020 1327 4101 μόνος
1350 4023 1592 4103 φιλάνθρωπος.

518 4125 675 4203 παρθένοι
698 4125 851 4190 νεάνιδες.
1157 4127 1216 4187 τοῦ
1240 4128 1334 4189 ςῶςαι
1356 4123 1414 4190 τὸν
1437 4123 1621 4203 ἄνθρωπον.

518 4225 613 4292 ἀξίως
637 4228 682 4290 ὡς
704 4226 864 4308 ἔμψυχον.
1158 4227 1338 4307 ςυμφώνως
1361 4226 1599 4306 προςφέρομεν.

671 4479 866 4546 ΙΑΜΒΙΟΑ
890 4477 949 4542 ΕΤ
971 4476 1236 4543 TROCHAIOA
1260 4478 1395 4544 COLA:

318 4632 412 4714 Cola,
425 4653 508 4719 quae
520 4633 730 4698 iambieorum
739 4631 883 4697 colorum
896 4629 1145 4695 similitudinem
1167 4633 1215 4697 ita
1236 4631 1411 4712 referrent,
1430 4639 1466 4695 ut
1476 4651 1672 4716 unoquoque
1683 4635 1772 4718 pede

315 4745 443 4798 acutam
460 4733 624 4821 syllabam
639 4733 709 4798 Ioco
723 4734 838 4819 longae
853 4733 1023 4815 haberent,
1039 4733 1189 4819 equidem
1205 4732 1295 4798 nulla
1309 4735 1398 4798 novi.
1422 4732 1535 4819 Neque
1550 4732 1612 4797 hoc
1627 4733 1768 4820 quidem

312 4837 429 4900 mirum
446 4847 507 4918 est,
530 4835 792 4923 quandoquidem
816 4847 943 4900 veteres
966 4857 1093 4921 quoque
1109 4835 1243 4916 Graeci,
1268 4859 1310 4900 ne
1332 4833 1557 4900 crebrescente
1579 4837 1673 4900 vocis
1698 4837 1766 4900 ictu
