3800 5474
419 480 424 488 .
523 410 590 466 LIB.
605 410 626 465 I.
648 409 696 464 DE
711 407 838 464 Pun'rls
854 409 1081 464 CHRISTIANIS
1098 409 1260 465 GRAECIS.
1517 407 1619 465 XLVII
1678 421 1682 426 ·

164 555 246 640 sivi3
276 576 314 620 eu
342 555 472 622 enixius
501 578 573 640 eos,
607 555 726 643 quibus
760 555 936 644 ampliores
963 557 1074 644 cupias
1103 555 1252 621 codicum
1280 555 1533 642 byzantinorum
1562 553 1619 618 ad·

164 657 263 722 cundi
291 656 429 723 facultas
458 657 545 722 facta
573 668 641 742 est,
670 667 800 743 rogatos
830 656 944 739 velim,
974 669 1011 723 ut
1034 681 1052 723 e
1074 648 1346 724 bibliothecarum
1368 655 1511 720 tenebris
1534 657 1621 720 hunc

167 759 433 846 antiquissimum
455 768 630 825 tractatam
652 759 691 824 de
712 760 837 826 musica
858 760 892 824 in
913 758 1078 846 publicam
1100 759 1204 826 lucem
1227 759 1388 824 emittant.

247 859 386 946 Magnas
414 861 526 927 turbas
556 863 592 926 in
619 861 770 946 genuinis
799 862 999 928 carminibus
1020 861 1154 926 Ioannis
1177 861 1376 926 Damasceni
1406 859 1619 946 segregandis

163 964 370 1048 cognomines
387 963 526 1028 Ioannes
541 973 725 1029 moverunt.
764 963 874 1049 Atque
891 963 1048 1031 Ioannem
1070 963 1218 1051 quidem,
1242 964 1295 1028 cui
1310 965 1425 1044 Ἀρκλᾶ
1440 983 1620 1048 cognomen

163 1066 242 1149 fuit,
271 1087 292 1130 a
319 1064 526 1130 Damascene
552 1086 619 1130 nen
651 1065 817 1130 diversum
851 1065 953 1131 fuisse
980 1065 1095 1131 Barth.
1124 1065 1392 1132 (lutlumusianus
1421 1065 1457 1129 in
1485 1064 1619 1130 Pcntsc.

162 1189 195 1254 p.
217 1167 239 1232 5
266 1165 484 1253 probabiliter
511 1167 758 1232 demonstravit.
802 1167 955 1233 Menauhi
982 1189 1110 1256 quoquc
1137 1189 1316 1255 cognomen
1344 1188 1410 1233 nun
1438 1176 1503 1248 est,
1532 1165 1620 1255 quod

162 1270 205 1336 ab
228 1268 343 1334 eedem
365 1267 488 1334 Ioanne
509 1269 715 1335 Damascene
737 1268 880 1335 alienum
902 1269 1003 1335 fuisse
1025 1270 1236 1352 arbitremur,
1264 1268 1528 1358 quandoquidem
1550 1291 1620 1336 coe·

163 1369 254 1436 nobii
277 1370 311 1437 S.
333 1369 442 1437 Sabae
464 1393 522 1459 per
548 1371 726 1436 maximam
748 1373 838 1437 vitae
866 1380 989 1454 partem
1016 1371 1136 1438 sodalis
1164 1373 1239 1438 luit.
1284 1371 1348 1438 Sed
1370 1392 1444 1437 eum
1467 1392 1619 1456 mounes,

164 1473 220 1559 qui
242 1473 395 1540 Ἰωάννου
410 1477 555 1555 μοναχοῦ
578 1473 708 1538 nomine
730 1473 963 1555 inscribuntur,
986 1473 1103 1539 alienis
1126 1473 1265 1539 modulis
1288 1481 1433 1556 utantur,
1455 1493 1562 1561 neque
1584 1475 1619 1538 in

163 1576 411 1640 commentariis
439 1574 537 1641 mede
567 1574 710 1642 laudatis
743 1585 1046 1660 commemorentur,
1068 1576 1283 1642 recentiorem
1312 1575 1454 1662 aliquem
1488 1583 1618 1663 poetam

163 1677 368 1742 Damascene
395 1677 621 1762 cognominem
649 1660 829 1763 significari
857 1678 928 1743 veri
959 1675 1162 1742 simillimum
1194 1686 1254 1742 est.
1308 1675 1509 1764 Magnopcre
1540 1698 1619 1744 vero

163 1779 287 1843 emovit
314 1780 401 1864 Ang.
423 1777 548 1861 Maius,
582 1779 638 1865 qui
665 1799 821 1862 canones,
854 1800 934 1865 quus
962 1780 998 1844 in
1030 1779 1185 1846 honorem
1213 1777 1455 1864 (lhrysostomi,
1490 1778 1618 1861 Basilii,

163 1879 309 1963 Nicolai,
339 1879 445 1963 Petri,
477 1879 630 1964 Georgii,
660 1878 763 1946 Blasii
789 1881 985 1968 compositos
1008 1903 1026 1945 e
1048 1881 1119 1948 eod.
1142 1882 1302 1948 Vaticano
1331 1881 1366 1946 in
1387 1879 1502 1967 Spicil.
1524 1879 1618 1948 Rom.

163 1991 186 2046 t.
209 1981 261 2046 IX
290 1980 413 2064 edidit,
449 1980 493 2046 ab
525 1980 735 2047 celeberrimo
770 1982 898 2048 melodo
931 1983 1054 2048 Ioanne
1086 1983 1290 2050 Damascene
1323 1983 1520 2069 compositos
1548 2005 1620 2049 esse

163 2085 302 2171 putavit.
352 2081 406 2148 Illi
440 2084 526 2148 enim
559 2105 672 2149 omnes
702 2084 819 2149 alienis
852 2083 993 2150 modulis
1025 2094 1162 2162 utuntur
1190 2095 1223 2151 et
1254 2083 1472 2150 acrostichide
1505 2093 1620 2174 poetae

165 2185 270 2272 ipsius
291 2205 410 2260 nemen
432 2184 592 2273 produnt,
624 2187 679 2272 qui
706 2183 840 2273 quidem
862 2208 931 2252 mos
955 2184 997 2252 ab
1019 2187 1159 2274 losepho
1181 2186 1430 2276 hymnographe
1451 2187 1618 2274 profectus

164 2309 236 2352 esse
273 2285 414 2353 videtur.
467 2287 532 2353 Sed
561 2296 598 2352 ut
634 2288 848 2354 recentiorem
883 2286 1025 2375 aliquem
1061 2291 1256 2355 monachum
1292 2287 1425 2355 illerum
1460 2309 1619 2354 canonum

163 2397 330 2454 auctorem
359 2410 430 2454 esse
459 2397 582 2453 eertum
609 2397 708 2476 atque
736 2388 941 2476 exploratum
970 2398 1036 2474 est,
1065 2391 1112 2456 ita
1134 2413 1230 2478 quem
1253 2413 1295 2456 ex
1318 2411 1437 2476 magne
1459 2389 1619 2456 Ioannem

164 2511 299 2557 numero
329 2490 487 2576 selegam,
518 2513 637 2577 anceps
665 2490 794 2556 haereo.
837 2491 947 2557 Unum
977 2491 1038 2555 hec
1058 2493 1253 2559 adseverare
1278 2513 1412 2580 pessum
1434 2493 1469 2556 in
1491 2492 1619 2559 dnobus

165 2591 334 2658 codicibus
364 2592 673 2658 Vinduhenensihus
702 2615 735 2658 n.
766 2594 826 2658 146
854 2603 887 2659 et
918 2593 979 2659 186
1015 2594 1168 2661 Ἰωάννου
1204 2601 1349 2676 μοναχοῦ
1387 2593 1619 2680 Μουρόποδοε,

164 2715 261 2781 quem
282 2693 422 2780 primum
445 2694 648 2778 monmhum,
670 2695 789 2760 deinde
811 2693 1053 2782 metropolitam
1069 2695 1302 2762 Euchaitarum
1317 2695 1425 2762 medie
1446 2694 1620 2762 undecimo

164 2794 295 2862 saecule
324 2794 425 2862 fuisse
447 2796 618 2862 Fabricius
641 2795 728 2862 Bibl.
750 2819 869 2883 graeca
890 2796 992 2879 VIII,
1016 2797 1078 2862 627
1108 2798 1218 2882 duuet,
1246 2797 1365 2864 multus
1394 2819 1535 2864 canones
1563 2821 1619 2863 ex·

164 2906 268 2980 stare;
302 2895 360 2962 sed
394 2899 450 2986 qui
476 2898 511 2962 in
538 2896 611 2962 eud.
636 2899 697 2964 186
723 2916 828 2964 canon
861 2900 896 2963 in
923 2898 1078 2965 honorem
1106 2899 1139 2966 S.
1168 2899 1395 2988 Ohryrostomi
1422 2899 1619 2989 compositus

165 3007 290 3082 exstat,
313 2999 464 3065 diversus
479 3007 530 3065 est
543 3021 563 3064 a
578 3021 701 3066 canone
722 2999 870 3066 ciusdem
885 2999 1108 3088 chrysostomi
1116 2997 1139 3084 ,'
1149 3021 1245 3088 quem
1260 3001 1369 3068 Maius
1392 3000 1463 3068 luco
1485 3001 1620 3068 laudate

166 3099 282 3165 edidit.

250 3203 398 3283 Ἰωεήφ.
420 3202 626 3290 Nicephorus
642 3203 677 3268 in
691 3203 808 3270 iambis
825 3225 925 3290 supra
939 3226 972 3291 p.
984 3203 1101 3270 XLIII
1122 3204 1231 3271 allatis
1255 3205 1337 3272 duos
1353 3205 1510 3294 Iosephus
1526 3204 1619 3292 hym-

166 3325 283 3368 norum
316 3305 492 3392 scriptores
519 3315 683 3389 recenset,
718 3327 855 3392 quemm
883 3304 1020 3371 altemm
1049 3306 1238 3372 Studiorum
1266 3309 1456 3374 monasterii
1483 3308 1619 3390 socium,

165 3403 304 3469 alterum
336 3407 543 3493 peregrinum
574 3407 666 3472 dicit.
718 3407 864 3474 Priorem
896 3407 1052 3494 intellege
1084 3408 1261 3496 Iosephum
1297 3410 1431 3474 fratrem
1462 3411 1620 3476 minorem

164 3506 346 3585 Theodori,
375 3506 564 3573 Studiorum
587 3509 745 3574 antistitis
752 3556 761 3590 ,
790 3510 883 3574 cuius
905 3509 1080 3574 memoriae
1102 3509 1173 3574 diua
1195 3509 1281 3574 XIV
1303 3511 1422 3576 mensis
1445 3510 1522 3575 Iulii
1545 3530 1621 3573 eeu-

165 3617 311 3673 seuratns
334 3618 394 3674 est.
439 3609 474 3674 Is
495 3609 538 3675 ub
559 3631 685 3675 murum
707 3611 928 3695 integritatem
945 3619 977 3674 et
992 3609 1159 3675 doetrinae
1175 3609 1305 3676 laudem
1319 3609 1621 3676 Thessalonicensis

165 3707 324 3775 eeclesiae
346 3711 610 3799 archiepiscopus
633 3711 756 3776 electus
778 3733 798 3775 a
818 3709 1001 3798 Theophilo
1021 3732 1099 3796 rege
1120 3709 1332 3799 (sas-842),
1355 3713 1466 3799 quiin
1480 3712 1621 3777 cultores

165 3811 347 3896 imaginum
370 3811 555 3896 saeviebat,
578 3814 613 3875 in
634 3811 766 3878 vincula
787 3814 954 3878 coniectus
977 3820 1010 3876 et
1031 3813 1119 3877 omni
1141 3821 1377 3880 tormentorum
1398 3835 1518 3901 genere
1538 3813 1621 3879 adeo

168 3922 306 3978 vexatus
329 3921 393 3999 est,
420 3922 458 3979 ut
484 3914 518 3978 in
545 3919 675 3979 carcere
702 3923 837 3979 mertem
866 3913 1083 3980 occumberet.
1128 3913 1274 3982 Alterius
1297 3915 1446 4003 Iosephi,
1469 3917 1527 4004 qui
1548 3937 1620 4003 pre·

166 4014 239 4102 prio
272 4014 482 4098 ὑμνογράφοε
513 4015 621 4097 audit,
654 4017 842 4081 memoriam
870 4017 923 4082 die
951 4016 1005 4082 111
1033 4017 1154 4082 mensis
1176 4016 1302 4104 Aprilis
1335 4018 1479 4083 ecclesia·
1503 4039 1622 4103 graeca

164 4115 383 4182 concelebrat.
428 4118 462 4182 Is
489 4118 681 4204 peregrinus
710 4120 829 4202 (stret)
855 4116 898 4182 ab
926 4117 1111 4205 Nicephuro
1133 4117 1242 4184 dictus
1269 4139 1342 4183 esse
1369 4119 1505 4200 dicitur,
1534 4118 1621 4204 quod

166 4239 209 4282 ex
232 4217 345 4284 Sicilia
371 4218 478 4283 insula
505 4220 660 4284 oriundus
690 4229 760 4286 erat
781 4229 814 4284 et
835 4222 943 4307 patria
964 4221 1006 4284 ab
1030 4220 1198 4285 Arabibus
1220 4230 1318 4306 capta
1340 4227 1372 4286 et
1394 4229 1524 4286 vastata
1546 4241 1620 4285 cum

164 4327 271 4384 matre
293 4330 325 4385 et
345 4319 504 4387 fratribus
526 4323 667 4408 primum
689 4323 725 4386 in
739 4320 1015 4409 Peloponnesum,
1038 4319 1158 4385 deinde
1173 4321 1440 4386 Thessalonicam
1461 4323 1620 4407 confugit,

164 4443 232 4507 qua
258 4423 293 4486 in
319 4423 402 4489 urbe
429 4424 659 4489 monachorum
686 4422 880 4510 disciplinae
908 4422 1237 4512 severissimaesese
1263 4420 1404 4486 addixit.
1454 4423 1535 4489 Mox
1562 4424 1621 4489 uhi

164 4521 391 4590 Iounoclastae
427 4525 462 4588 in
498 4523 636 4592 eeclesia
677 4524 857 4612 byzantina
899 4525 1082 4610 superiores
1117 4543 1215 4608 agere
1250 4533 1440 4611 coeperunt,
1483 4525 1620 4590 Romam

164 4635 282 4712 petens
303 4626 461 4714 spiratis
484 4626 665 4713 deprensus
687 4626 722 4689 in
745 4627 876 4690 Cretam
898 4622 1037 4688 insulam
1060 4633 1195 4690 avectus
1218 4633 1278 4692 est.
1320 4625 1435 4691 Multis
1457 4628 1620 4691 aerumnis

165 4727 343 4793 exantlatis
374 4727 683 4816 Constantinopolin
711 4727 817 4793 redux
846 4728 880 4790 in
910 4727 1045 4790 summis
1074 4748 1184 4791 rerum
1213 4726 1508 4793 ecclesiasticarum
1536 4738 1620 4794 tum·

165 4828 326 4894 moltibus
349 4829 446 4895 medo
474 4829 651 4897 honoribus
679 4839 828 4914 ornatus,
857 4829 951 4896 modu
979 4826 1079 4894 exilio
1107 4825 1263 4895 multatus
1291 4840 1356 4911 est,
1385 4831 1488 4896 donec
1515 4830 1620 4896 turbis
