3800 5474
187 331 193 338 ’
271 371 323 430 xx
730 380 734 389 ·
855 372 1137 433 rsomuouann.

269 521 381 607 Atque
402 519 545 608 psalmos
564 519 705 588 Davidis
730 519 854 609 duplici
875 522 1005 589 nornine
1027 527 1167 606 ψαλμῶν
1190 525 1242 592 καλ
1263 525 1374 606 ὕμνων
1389 523 1589 608 significatos
1606 522 1722 602 sentio,

271 622 358 713 quod
386 631 418 686 et
445 623 543 710 psalli
571 623 720 689 solebant
748 633 781 689 et
807 624 921 690 laudes
949 625 1002 690 dei
1029 626 1145 712 optimi
1172 627 1307 690 maximi
1336 624 1564 706 continebant,
1597 624 1724 710 reliqua

270 736 378 794 autem
407 727 553 791 carmina
579 725 700 791 veteris
724 725 957 808 Testamenti,
971 725 1063 792 velut
1089 727 1217 793 cantica
1238 726 1340 792 Masis
1363 737 1396 792 et
1416 727 1535 792 Annae
1563 735 1596 790 et
1623 725 1722 791 trium

269 850 455 916 puerorum,
478 827 565 914 apud
588 836 736 914 posteros
759 849 888 915 quoque
909 829 1085 915 scriptores
1108 828 1189 894 odae
1211 830 1350 895 audiunt
1372 829 1462 912 (vide
1482 849 1587 892 meam
1603 827 1722 893 disser-

269 931 426 996 tationem
448 929 491 994 de
512 930 616 995 hirmo
639 931 783 1018 tropario
805 950 929 995 canone
951 931 984 995 in
1000 931 1154 1015 Beitrtige
1176 952 1236 994 znr
1257 930 1461 997 hirchlichen
1476 931 1642 995 Literatur
1664 928 1724 993 der

268 1034 471 1121 Byzantiuer
494 1031 527 1096 S.
553 1030 605 1116 ll)
629 1038 662 1096 et
689 1034 770 1115 ᾠδαὶ
798 1033 1004 1113 πνευματικοὶ
1030 1053 1050 1096 a
1072 1032 1174 1098 Paulo
1203 1033 1349 1120 apostolo
1377 1033 1624 1118 cognominatae
1651 1051 1724 1096 esse

269 1137 432 1216 videntur,
448 1155 512 1221 quo
528 1154 675 1198 severam
690 1136 887 1218 gravitatem
902 1155 1013 1200 eorum
1035 1156 1056 1198 a
1078 1133 1211 1199 ludicris
1233 1135 1330 1220 nugis
1345 1134 1518 1200 scoliorum
1532 1154 1724 1220 graecorum

268 1239 498 1324 distingueret.
542 1235 631 1300 Huic
653 1256 729 1300 vero
751 1235 799 1300 rei
821 1235 920 1300 fidem
942 1237 1085 1301 maxime
1109 1235 1299 1322 psalterium
1323 1235 1534 1303 christianum
1562 1234 1721 1322 antiquis-

270 1341 387 1406 simum
416 1338 512 1421 facit,
542 1337 630 1424 quod
656 1337 692 1400 in
719 1337 830 1402 codice
858 1335 1085 1403 Alexandrino
1112 1339 1272 1403 versionis
1301 1361 1437 1423 graecae
1466 1338 1588 1404 veteris
1610 1337 1722 1402 Testa·

268 1444 368 1508 menti
397 1449 564 1506 servatum
592 1459 665 1504 esse
691 1447 828 1504 constat.
878 1439 1010 1504 Etenim
1037 1441 1071 1502 in
1099 1439 1161 1504 hoc
1195 1439 1367 1526 psalterio,
1402 1440 1488 1527 quod
1521 1441 1722 1504 canticorum

268 1545 388 1610 librum
422 1542 536 1626 lingua
568 1539 685 1622 latina,
719 1549 831 1606 nostra
860 1538 1082 1624 Gesangbuch
1115 1542 1382 1628 interpretamur,
1415 1542 1559 1608 Davidis
1587 1540 1722 1627 psalmis

268 1643 516 1732 quatuordecim
544 1641 642 1720 odae,
668 1663 710 1706 ex
738 1644 839 1708 sacris
866 1641 959 1707 libris
988 1642 1108 1706 veteris
1137 1665 1176 1708 ac
1203 1644 1280 1708 novi
1309 1644 1510 1709 Testamenti
1537 1652 1721 1728 excerptae,

269 1747 435 1813 subiectae
457 1754 551 1828 sunt,
574 1742 773 1830 dequibus,
796 1765 869 1808 cum
892 1742 934 1806 ad
958 1743 1127 1828 byzantini
1148 1746 1282 1810 canonis
1306 1747 1373 1812 vim
1396 1755 1429 1810 et
1450 1744 1723 1829 significationem

269 1831 504 1913 enucleandam
526 1865 720 1932 pervenero,
752 1844 950 1933 explicatius
977 1866 1085 1929 agam.
1129 1845 1247 1932 Itaque
1274 1868 1378 1933 usque
1406 1846 1448 1911 ad
1477 1847 1625 1932 quintum
1653 1867 1722 1909 sae-

268 1949 393 2031 culum,
422 1949 486 2035 qn'o
514 1947 661 2013 codicem
683 1945 945 2012 Alexandrinum
975 1955 1146 2012 exaratum
1173 1969 1244 2012 esse
1260 1947 1558 2034 'palaeographicae
1582 1946 1723 2012 rationes

268 2053 477 2132 convincunt,
501 2050 670 2115 christiani
685 2051 720 2113 in
735 2049 804 2113 suis
825 2048 972 2114 coetibus
996 2048 1065 2112 fere
1087 2048 1202 2114 iisdem
1224 2050 1387 2131 cantibus,
1409 2049 1529 2135 quibus
1551 2049 1667 2113 Iudaei
1689 2048 1723 2112 in

269 2154 337 2218 suis
360 2152 548 2238 synagogis,
571 2153 622 2217 usi
645 2172 717 2215 esse
739 2149 931 2239 probantur.
967 2150 1094 2214 Primae
1113 2160 1233 2234 autern,
1256 2160 1293 2216 ut
1314 2173 1374 2238 par
1396 2160 1477 2233 erat,
1499 2159 1609 2237 partes
1631 2169 1722 2236 prae-

164 2315 168 2324 .
268 2254 364 2318 claris
388 2264 421 2319 et
443 2275 546 2340 paene
569 2252 691 2319 divinis
714 2251 846 2339 psalmis
869 2250 1010 2316 Davidis
1033 2252 1293 2338 assignabant*),
1315 2253 1372 2338 qui
1393 2252 1470 2316 iude
1491 2250 1534 2316 ah
1557 2250 1620 2316 illis
1641 2262 1722 2317 tem·

267 2354 402 2443 poribus
436 2354 597 2441 insignem
631 2355 717 2419 inter
744 2355 889 2418 carmina
916 2352 1136 2420 ecclesiastica
1163 2375 1235 2417 cum
1264 2352 1352 2439 apud
1379 2374 1490 2418 omnes
1517 2352 1721 2435 christianos,

267 2469 339 2523 tum
365 2455 455 2543 apud
483 2455 628 2522 Graecos
661 2456 770 2521 locum
804 2443 1136 2541 obtinent3'reliquis
1164 2475 1207 2518 ex
1235 2455 1433 2520 carminibus
1461 2455 1580 2519 veteris
1608 2454 1722 2519 Testa·

267 2560 367 2626 menti
396 2579 435 2623 aa
462 2557 686 2644 potissimum,
716 2579 800 2643 quae
827 2557 870 2622 ad
893 2557 1060 2622 Christum
1087 2555 1282 2623 salvatorem
1311 2555 1458 2621 futurum
1484 2555 1600 2621 referri
1627 2576 1723 2642 posse

268 2660 472 2743 viderentur,
506 2658 695 2745 selegebant
724 2659 826 2743 (conf.
855 2657 941 2722 Buhl
969 2658 990 2727 l.
1018 2660 1040 2722 l.
1069 2679 1101 2743 p.
1129 2659 1208 2743 203)
1236 2679 1298 2723 nec
1326 2679 1390 2722 non
1423 2679 1466 2722 cx
1497 2679 1582 2723 novo
1610 2656 1722 2722 Testa·

268 2772 377 2828 mento
398 2761 525 2826 Mariae
552 2772 626 2848 post
653 2760 846 2826 nuntiuma
868 2759 1022 2826 Gabriele
1045 2769 1214 2846 acceptum
1237 2759 1435 2856 laetissimas
1458 2779 1554 2824 voces
1577 2759 1671 2842 (Luc.
1692 2757 1721 2840 I,

265 2863 406 2945 46-55)
431 2871 463 2927 et
485 2861 665 2928 Zachariae
686 2862 844 2933 vaticinia
867 2861 962 2947 (Luc.
984 2861 1012 2944 l,
1033 2861 1175 2946 68—79)
1198 2861 1435 2947 Symeonisque
1458 2860 1544 2926 senis
1566 2861 1724 2946 hymnum

268 2966 365 3052 (Luc.
388 2964 441 3047 ll,
463 2963 605 3050 29-32)
629 2963 838 3030 adiiciebant.
1268 2965 1276 2980 '

352 3067 475 3131 Verum
503 3067 588 3130 enim
617 3086 695 3130 vero
724 3074 854 3151 praeter
881 3064 961 3128 haec
988 3084 1081 3128 sacra
1106 3068 1266 3147 carmina,
1295 3065 1329 3129 in
1351 3085 1555 3130 communem
1578 3066 1722 3130 omnium

267 3168 517 3234 christianorum
539 3189 634 3231 usum
657 3174 797 3252 recepta,
820 3165 958 3230 noviciis
981 3186 1111 3251 quoque
1133 3167 1332 3232 carminibus
1348 3165 1470 3232 Christi
1489 3168 1592 3254 ipsius
1608 3166 1722 3232 laudes

266 3273 333 3336 iam
361 3268 563 3356 temporibus
591 3268 797 3353 imperatoris
819 3265 953 3332 Traiani
980 3265 1160 3332 celebratas
1187 3268 1290 3332 fuisse
1312 3269 1382 3334 veri
1404 3268 1511 3333 simile
1533 3276 1594 3332 est.
1637 3268 1721 3332 Nam

265 3371 456 3436 notissimus
484 3369 573 3435 locus
596 3367 696 3434 Plinii
719 3367 860 3434 Secundi
889 3367 930 3432 de
959 3366 1212 3432 christianorum
1240 3369 1398 3434 institutis
1426 3372 1460 3434 in
1488 3370 1586 3456 epist.
1607 3369 1658 3450 X,
1681 3369 1722 3434 96

268 3471 498 3538 ‘adfirmabant
519 3480 630 3536 autem
652 3469 736 3535 hanc
758 3469 861 3536 luisse
883 3491 1040 3535 summam
1064 3468 1117 3533 vel
1139 3470 1255 3558 culpae
1280 3493 1358 3537 suae
1387 3471 1440 3535 vel
1468 3472 1605 3554 erroris,
1635 3469 1722 3557 quod

267 3583 377 3640 essent
398 3571 486 3638 soliti
508 3581 595 3638 stato
618 3571 672 3636 die
695 3583 771 3638 ante
793 3571 899 3636 lucem
921 3571 1096 3636 convenire
1117 3594 1312 3660 carmenque
1327 3573 1459 3640 Christo
1482 3572 1542 3636 deo
1558 3571 1721 3656 dicere**)

269 3697 379 3741 secum
401 3675 554 3740 invicem'
578 3672 621 3739 ad
644 3671 716 3755 illa,
745 3693 829 3758 quae
850 3671 946 3738 modo
969 3673 1132 3755 recensui,
1155 3675 1301 3739 carmina
1321 3697 1416 3740 sacra
1438 3675 1512 3757 vix,
1540 3694 1579 3737 ac
1600 3695 1642 3738 ne
1663 3674 1722 3739 vix

271 3847 496 3856 v--—-—--.-——.--

336 3965 361 4030 ⁸)
381 3965 450 4015 Vide
470 3963 690 4039 constitutiones
709 3963 879 4030 apostolicas
898 3964 939 4028 11,
957 3967 1005 4016 57:
1029 3963 1121 4017 Μέτοτ
1144 3964 1174 4015 δὲ
1195 3963 1212 4016 ὁ
1235 3963 1418 4030 ἀνογνῶττη(
1442 3962 1493 4028 ἐφ’
1509 3963 1623 4030 ὑψηλοῦ
1644 3963 1722 4016 τινὸτ

269 4047 358 4102 ἑττῶτ
376 4047 594 4112 ἀναγινωτκέτω
613 4048 650 4099 τὰ
668 4047 795 4101 Μωτέωτ
814 4048 859 4099 καί
879 4047 964 4113 ’lurco
983 4052 1036 4101 τοῦ
1057 4048 1150 4114 Ναυή,
1167 4049 1203 4101 τὰ
1220 4051 1282 4101 τῶν
1300 4051 1405 4115 κριτῶν
1423 4049 1469 4100 καλ
1486 4051 1547 4100 τῶν
1565 4045 1722 4112 βατιλείων,

268 4134 305 4185 τὰ
323 4135 383 4184 τῶν
402 4132 659 4198 παραλειπομένων
677 4131 722 4184 καλ
739 4132 776 4184 τὰ
793 4134 845 4197 τῆς
862 4130 1013 4198 ἐπανόδου,
1032 4132 1104 4198 πρὸ(
1116 4132 1276 4186 τούτοιετὰ
1288 4135 1340 4185 τοῦ
1355 4132 1415 4196 Ἰὼβ
1428 4131 1473 4185 καλ
1486 4133 1522 4184 τὰ
1535 4129 1721 4197 (ολομῶντοτ

268 4217 313 4269 καλ
335 4217 372 4270 τὰ
394 4221 455 4270 τῶν
478 4217 574 4272 δεκαέξ
597 4219 769 4284 προφητῶν·
794 4215 847 4269 ἀνὰ
869 4215 920 4270 δὺο
943 4216 1105 4282 λεγομένων
1127 4217 1361 4282 ἀναγνωεμάτιον
1384 4217 1481 4283 ἕτερός
1502 4231 1545 4270 τι(
1562 4219 1615 4269 τοῦ
1633 4213 1723 4281 Δαβλδ

268 4301 404 4367 ψαλλέτω
423 4302 528 4367 ὕμνου(
547 4302 593 4354 καλ
610 4301 627 4353 ὁ
643 4301 712 4354 λαὸς
732 4302 768 4354 τὰ
785 4300 945 4368 ἀκροττίχτα
962 4301 1170 4368 ὑποψαλλὲτω,
1195 4303 1290 4354 conser-
1306 4303 1453 4370 Hippolyti
1471 4317 1533 4358 cau.
1552 4301 1617 4353 XXI
1635 4317 1723 4367 nuper

269 4389 304 4438 ab
323 4388 503 4455 Hunebergio
522 4388 623 4438 editum
642 4392 671 4438 st
687 4387 854 4440 Tlreodorcti
872 4386 937 4438 hist.
955 4388 1084 4449 eschil,
1103 4391 1145 4440 24.

336 4472 376 4538 ⁸⁸)
395 4473 467 4522 Huic
485 4473 642 4524 sententiae
661 4472 729 4524 illud
747 4472 843 4524 favore
862 4472 980 4537 videtur,
999 4473 1069 4537 quod
1088 4473 1194 4523 Plinius
1212 4473 1315 4524 dixisse
1335 4487 1445 4524 carmen
1465 4471 1648 4537 christianos,
1666 4487 1721 4524 nou

162 4573 166 4576 ·
268 4561 398 4607 cantasse
413 4556 496 4619 dicit,
516 4562 546 4607 at
564 4573 598 4608 ne
618 4557 687 4624 plus,
706 4573 788 4623 quam
808 4573 858 4623 par
876 4561 931 4621 est,
950 4557 1035 4608 verbo
1054 4556 1165 4607 dicendi
1183 4557 1305 4620 tribuas,
1324 4558 1467 4608 Horatium
1488 4561 1598 4608 constat
1616 4551 1720 4608 duobus

269 4640 338 4690 locis
357 4639 419 4703 (Od.
438 4641 540 4706 111,4‚
562 4647 573 4691 l
594 4641 673 4705 ‘Dic,
697 4657 764 4708 age,
788 4642 861 4692 tibia
883 4640 993 4706 longum
1012 4639 1257 4706 Calliope’mslos’
1276 4648 1304 4692 et
1322 4643 1372 4693 Od.
1392 4642 1440 4706 IV,
1460 4643 1505 4704 12,
1522 4645 1538 4692 9
1557 4643 1673 4691 ‘Dicunt
1692 4640 1720 4690 in

269 4731 365 4776 tenero
384 4727 508 4792 gramine
527 4727 668 4793 pinguium
691 4727 819 4778 custodes
842 4727 933 4778 orium
958 4724 1081 4776 earmina
1099 4724 1216 4790 listula’)
1239 4725 1348 4776 dicendi
1366 4726 1451 4777 verbo
1470 4741 1523 4776 non
1542 4725 1575 4776 de
1598 4723 1721 4776 formulis

270 4809 445 4875 quibasdam,
464 4812 513 4864 sed
532 4811 565 4862 de
586 4813 666 4862 iustis
685 4811 854 4862 carminibus
873 4825 950 4860 namn
970 4825 1042 4861 esse.
