3800 5474
203 339 209 358 '
285 366 384 420 cxxx
865 366 1146 422 recusabimus.

279 521 350 576 satz
380 511 440 575 mit
466 510 558 576 ihren
589 511 762 578 Cadenzen
800 512 999 576 bestehende
1026 511 1262 578 musihalische
1290 512 1427 577 Perinde
1454 511 1640 595 (Delitzsch
1665 512 1742 576 Zur

282 610 482 676 Geschichte
511 614 569 677 der
591 611 768 700 jtidischen
797 613 915 678 Pcesie
942 612 975 678 S.
1000 613 1042 680 23
1072 635 1103 677 u.
1126 613 1188 695 48,
1216 613 1319 698 vergl.
1348 614 1440 680 retis
1462 613 1610 678 Histoire
1638 613 1741 678 dela

285 715 434 800 musique
457 712 473 776 Ι
481 761 490 794 ,
513 713 603 798 440).

367 815 511 880 Tertiam
538 815 640 900 igitur
668 815 776 901 legem
803 839 824 880 a
851 815 988 881 melodis
1016 817 1204 903 byzantinis
1234 816 1441 881 observatam
1471 837 1542 881 esse
1571 818 1737 895 novimus,

282 927 319 980 nt
341 918 486 1002 troparia
509 917 572 982 sibi
595 917 830 1004 respondentia
852 919 948 982 certis
972 917 1169 1003 quibusdam
1190 916 1271 982 locis
1287 928 1425 983 accentu
1441 917 1643 1004 syllabarum
1658 940 1739 983 con-

282 1020 439 1083 cinerent.
475 1017 588 1103 Atque
603 1019 685 1101 hanc
701 1017 830 1105 quidem
847 1019 969 1103 legem,
992 1041 1090 1105 quam
1105 1020 1217 1084 Pitrae
1233 1021 1447 1102 sagacitatem
1459 1018 1586 1104 fugisse
1601 1041 1738 1104 magno-

284 1142 360 1207 pere
382 1121 496 1203 miror,
520 1119 769 1184 fundamentum
790 1121 871 1184 artis
895 1130 1064 1206 poetarum
1092 1123 1345 1206 byzantinorum
1374 1120 1483 1185 dicere
1498 1142 1577 1214 'non
1602 1121 1734 1200 dubito.

284 1222 397 1307 Neque
418 1243 479 1304 ego
509 1223 633 1307 primus
662 1221 746 1287 hanc
775 1221 879 1308 legem
907 1225 941 1286 in
969 1220 1074 1286 lucem
1102 1222 1266 1308 protraxi,
1295 1208 1354 1286 sed
1380 1221 1489 1286 multis
1518 1221 1639 1286 abhinc
1669 1243 1739 1286 non

284 1323 379 1387 annis
402 1319 461 1386 sed
490 1323 628 1386 saeculis
656 1325 889 1407 grammaticus
919 1321 1053 1409 quidam
1081 1322 1279 1411 byzantinus
1309 1324 1543 1409 pronuntiavit.
1588 1323 1628 1388 In
1651 1321 1739 1388 libro

283 1425 370 1488 enim
393 1423 433 1488 de
457 1423 624 1506 prosodia,
653 1426 705 1488 cui
733 1426 864 1489 titulum
893 1424 1056 1490 Theodori
1085 1426 1289 1510 grammatici
1306 1424 1524 1490 Alexandrini
1541 1423 1625 1489 falso
1641 1446 1737 1510 prae·

283 1527 386 1590 fixum
414 1545 486 1588 esse
514 1523 577 1589 alio
600 1523 670 1590 loco
700 1525 816 1610 (Beitr.
841 1527 874 1591 S.
896 1526 954 1609 27)
983 1526 1220 1607 demonstravi,
1249 1527 1311 1590 hoc
1339 1537 1548 1613 praeceptum
1578 1525 1736 1609 legimus:

285 1628 358 1692 Ἐάν
381 1648 428 1692 τιε
451 1627 527 1710 θέλῃ
550 1631 679 1706 ποιῆεαι
701 1629 837 1706 κανόνα,
861 1631 995 1708 πρῶτον
1017 1632 1067 1693 δεῖ
1088 1629 1207 1706 μελίεαι
1229 1630 1288 1695 τὸν
1311 1627 1436 1708 εἱρμὸν,
1465 1627 1535 1693 εἶτα
1558 1628 1735 1705 ἐπαγαγεῖν

283 1730 324 1793 τὰ
352 1728 512 1808 τροπάρια
540 1728 810 1810 ἰεοευλλαβοῦντα
838 1730 888 1794 καὶ
921 1727 1145 1807 ὁμοτονοῦντα
1178 1731 1230 1794 καὶ
1263 1731 1321 1795 τὸν
1355 1731 1477 1796 εκοπόν
1511 1730 1736 1796 deorumne.

284 1829 369 1894 Nam
392 1851 476 1914 quae
498 1830 731 1913 grammaticus
755 1831 794 1894 de
818 1851 978 1894 canonum
1001 1828 1073 1894 odis
1095 1832 1271 1916 praecipit,
1293 1831 1392 1896 etiam
1415 1830 1457 1895 ad
1479 1830 1605 1917 reliqua
1620 1832 1736 1894 carmi-

283 1953 362 1996 num
383 1930 634 2016 byzantinorum
657 1953 777 2016 genera
799 1933 958 2018 pertinet,
987 1940 1020 1996 et
1046 1953 1110 2016 qua
1133 1942 1287 1998 accentus
1316 1933 1531 2017 congruentia
1553 1932 1678 1996 hirmus
1700 1941 1735 1995 et

284 2033 429 2119 troparia
465 2032 623 2119 cuiusque
659 2033 740 2098 odae
776 2035 1033 2117 coniunguntur,
1062 2033 1199 2098 eandem
1227 2035 1312 2099 inter
1348 2033 1529 2114 αὐτόμελον
1557 2043 1591 2098 et
1618 2037 1736 2114 upote·

284 2155 359 2216 μοια
395 2135 596 2198 intercedere
632 2156 692 2220 par
729 2145 789 2198 est.
834 2133 987 2216 Accedit,
1017 2136 1102 2222 quod
1139 2137 1237 2201 etiam
1273 2137 1307 2200 in
1344 2135 1493 2200 iambicis
1526 2134 1736 2221 politicisque

285 2237 436 2302 versibus
479 2234 639 2301 iaciendis
674 2238 849 2321 scriptores
886 2235 1057 2322 byzantini
1092 2237 1214 2302 similes
1248 2237 1392 2301 rationes
1426 2237 1473 2300 ita
1507 2237 1609 2300 secuti
1645 2245 1737 2319 sunt,

284 2349 321 2404 ut
357 2337 485 2404 duobus
520 2334 713 2423 pluribusve
745 2335 826 2403 locis
860 2339 1017 2423 cuiusque
1057 2361 1167 2404 versus
1203 2336 1364 2425 syllabam
1398 2337 1462 2400 nisi
1506 2347 1636 2402 acrrtam
1669 2359 1735 2402 non

284 2449 458 2527 ponerent,
492 2449 525 2503 ct
547 2439 640 2503 latini
674 2437 793 2502 melodi
826 2438 924 2504 medii
958 2440 1030 2504 aevi
1064 2441 1246 2526 quantitate
1275 2436 1474 2522 syllabarum
1502 2437 1654 2520 neglecta
1682 2460 1734 2504 sc-

284 2551 437 2608 centuum
469 2538 582 2624 regula
604 2541 637 2602 in
670 2538 840 2604 versiculis
863 2539 1022 2606 l'acieudis
1045 2543 1238 2624 utebantur3
1268 2539 1355 2606 conf.
1385 2539 1503 2604 Struve
1536 2538 1648 2604 Ueber
1670 2539 1733 2604 den

285 2643 479 2733 politischen
511 2639 595 2704 Vers
624 2638 684 2703 der
716 2640 992 2726 Mittelgriechen‚
1028 2642 1233 2708 Henrichsen
1275 2639 1383 2706 Ueber
1411 2639 1476 2705 den
1510 2635 1734 2725 sogenanuten

283 2743 477 2832 politischen
501 2742 583 2806 Vere
606 2741 659 2807 bei
682 2740 746 2806 den
769 2741 947 2827 Griechen,
986 2744 1029 2816 K.
1060 2743 1199 2808 Bartsch
1223 2743 1286 2807 Die
1308 2741 1522 2807 lateinischen
1540 2743 1733 2829 Sequeuzen

286 2847 343 2910 des
366 2841 585 2910 Mittelalters.
631 2843 782 2931 Denique
804 2865 845 2908 ne
866 2844 927 2910 hoc
949 2845 1080 2931 quidem
1096 2843 1336 2930 neglegendum
1352 2853 1418 2924 est,
1442 2844 1529 2930 quod
1546 2865 1736 2928 graecorum

285 2944 518 3012 vocabulorum
553 2956 723 3026 accentus,
756 2945 870 3032 quales
902 2944 1134 3032 Aristophanis
1167 2956 1200 3011 et
1234 2944 1414 3011 Herodiani
1448 2946 1737 3030 grammaticorum

288 3047 487 3132 temporibus
512 3047 614 3111 fuisse
636 3048 804 3126 novimus,
828 3068 930 3133 usque
953 3046 995 3111 ad
1017 3047 1163 3112 nostrain
1184 3049 1370 3113 memoriam
1393 3049 1519 3112 immoti
1536 3057 1737 3130 manserunt,

197 3221 201 3232 ,
286 3151 322 3216 id
345 3149 433 3237 qnod
456 3169 492 3212 eo
522 3148 594 3232 plus
623 3148 849 3213 admirationis
877 3147 993 3230 habet,
1022 3172 1086 3235 quo
1114 3149 1265 3214 mobilior
1293 3157 1326 3213 et
1352 3149 1591 3214 inconstantior
1620 3159 1740 3214 natura

286 3262 441 3317 accentus
464 3253 498 3314 in
521 3249 595 3314 aliis
619 3249 740 3333 linguis
756 3259 823 3314 est.
868 3249 983 3336 Neque
1006 3251 1121 3315 dubito
1143 3252 1244 3314 mirae
1272 3249 1369 3314 huius
1398 3251 1602 3316 constantiae
1628 3251 1738 3336 graeci

287 3355 445 3419 sermonis
469 3373 600 3416 causam
628 3373 670 3416 ex
698 3351 820 3435 insigni
851 3351 885 3414 vi
911 3361 1074 3437 repetere,
1105 3373 1202 3438 quam
1225 3352 1260 3416 in
1289 3353 1468 3416 carminum
1498 3373 1569 3415 cum
1598 3350 1737 3416 aliorum

286 3467 356 3521 tuni
369 3454 663 3521 ecclesiasticorum
679 3462 748 3518 arte
765 3460 917 3518 accentus
940 3452 1092 3518 obtinuit.
1137 3453 1344 3540 Quamquam
1366 3453 1452 3518 enim
1468 3450 1738 3517 Fallmereierunr

286 3568 450 3638 nostrum,
479 3554 566 3642 quod
594 3579 672 3621 suos
707 3553 823 3620 Slavos
853 3577 874 3618 a
895 3553 1122 3620 sacerdotibus
1151 3555 1380 3640 monachisque
1409 3575 1502 3617 usum
1530 3557 1640 3639 graeci
1670 3577 1735 3618 ser·

288 3659 392 3724 menis
408 3659 575 3744 accepisse
590 3659 719 3737 statuit,
743 3655 982 3743 probabilitatis
998 3654 1117 3721 limites
1134 3667 1310 3742 evagatum
1330 3677 1401 3720 esse
1417 3655 1611 3738 iudicamus,
1628 3666 1738 3720 tamen

288 3758 510 3824 ecclesiastica
539 3759 683 3823 carmina
711 3755 858 3826 nonnihil
884 3759 926 3822 ad
951 3759 1175 3844 integritatem
1203 3759 1361 3822 sermonis
1390 3767 1423 3820 ct
1448 3767 1641 3822 accentuum
1671 3778 1735 3822 ser·

171 3856 174 3862 ’
290 3861 432 3925 vendam
454 3859 597 3925 valuisse
619 3859 689 3922 veri
713 3856 912 3922 simillimum
935 3869 995 3924 est.

375 3960 438 4027 Sed
451 3970 486 4025 ut
496 3960 538 4024 ad
550 3961 785 4047 quaestionem,
805 3960 891 4025 uude
908 3960 1047 4048 profecti
1059 3983 1186 4042 sumus,
1203 3960 1385 4041 redeamus,
1398 3981 1553 4026 versuum
1568 3960 1736 4047 rhythmus

289 4064 355 4128 ictu
378 4063 476 4127 certis
499 4061 695 4148 quibusdam
723 4060 903 4126 intervallis
924 4061 1081 4127 redeunte
1103 4063 1254 4128 efficitur.
1299 4062 1352 4129 Sic
1374 4061 1600 4127 hexametrum
1624 4061 1735 4148 dacty-

289 4165 387 4230 licum
411 4174 536 4230 veteres
558 4165 669 4249 graeci
692 4163 861 4246 dicebaut,
884 4164 972 4250 quod
993 4185 1058 4228 uon
1081 4187 1145 4228 uno
1167 4163 1355 4246 duobusve,
1379 4164 1437 4228 sed
1460 4185 1518 4228 sex
1534 4162 1612 4228 locis
1634 4185 1736 4249 aequo

288 4265 461 4332 intervallo
478 4266 678 4331 distantibus
694 4265 947 4352 percutiebatur.
993 4267 1036 4330 Et
1065 4276 1102 4331 ut
1129 4265 1297 4353 glyconei,
1319 4264 1532 4353 pherecratei,
1556 4264 1736 4350 logaoedici

289 4393 443 4434 versuum
466 4370 546 4434 alios
571 4369 668 4455 pedes
695 4369 804 4449 trium,
835 4366 916 4432 alios
939 4367 1077 4432 duarum
1100 4365 1153 4432 vel
1176 4369 1315 4432 duarum
1343 4377 1377 4432 et
1398 4365 1553 4431 dimidiae
1575 4388 1737 4432 morarum

289 4473 430 4559 spatium
444 4469 594 4557 explesse
616 4469 787 4550 ducamus,
811 4479 919 4533 tamen
941 4490 1066 4548 omnes,
1089 4471 1184 4536 modo
1208 4469 1407 4557 syllabarum
1427 4467 1597 4554 longarum
1618 4467 1739 4533 indicia

289 4594 473 4660 sequamur,
492 4571 564 4658 plus
587 4570 687 4636 semel
699 4572 766 4635 ictu
779 4570 992 4650 feriebantur,
1014 4569 1101 4634 unde
1123 4571 1238 4637 horum
1257 4591 1385 4657 quoque
1396 4569 1572 4657 lyricorum
1584 4591 1740 4634 versuum

290 4675 535 4739 similitudinem
557 4673 720 4757 quandam
743 4672 889 4758 rhythmi
912 4672 1032 4738 ictibus
1055 4673 1205 4736 siminus
1222 4673 1372 4756 paribus,
1395 4682 1432 4736 at
1451 4681 1561 4736 tamen
1577 4669 1741 4736 similibus

290 4774 472 4840 intervallis
495 4773 706 4838 redeuntibus
729 4774 833 4837 fuisse
856 4774 1006 4838 dicimus.
1050 4772 1119 4836 Iam
1143 4795 1184 4837 ex
1207 4775 1263 4858 iis,
1286 4795 1369 4860 quae
1392 4793 1492 4858 supra
1514 4773 1739 4857 exposuimus,
