3800 5474
869 407 1151 464 PROLEGOMENA.

405 555 492 620 Ioan.
508 554 566 636 IV,
582 553 621 637 η’,
639 556 673 619 1:
697 554 776 634 αὕτη
797 556 818 634 ἡ
840 557 936 635 κλητή
959 557 1008 622 καὶ
1031 556 1104 631 ἁγία
1125 556 1235 635 ἡμέρα.

697 661 788 725 δεῦτε
810 661 869 723 τοῦ
891 661 1004 723 καινοῦ
1026 662 1081 736 τῆε
1103 658 1249 738 ἀμπέλου
1271 659 1478 738 γεννήματος.

412 755 503 822 Ioan.
519 758 561 840 V,
577 760 619 838 γ’,
641 758 675 822 2:
700 764 766 825 τῶν
789 759 932 826 ἐντολῶν
955 780 1023 825 tou.

696 860 715 925 ὁ
739 860 987 940 ἀπερίγραπτοε.

397 961 507 1026 Cosm.
524 959 567 1044 V,
583 963 620 1040 θ’,
638 961 672 1024 1:
697 963 715 1026 ό
739 963 834 1028 τόκοι
856 982 913 1026 rou
935 961 1082 1043 ἄφθοροε
1105 962 1239 1042 ἐδείχθη.

695 1066 789 1131 καινὰ
811 1064 993 1130 κατιδόντες
1014 1065 1065 1128 καί
1086 1063 1263 1143 παράδοξα.
1601 1139 1604 1144 .

290 1165 441 1252 Denique
464 1165 506 1229 ad
528 1163 693 1229 clausulae
721 1164 867 1230 licentias
884 1164 950 1228 ‘hos
979 1185 1107 1251 quoquc
1130 1165 1229 1251 pedes
1257 1211 1277 1219 -
1294 1201 1312 1218 ν
1330 1211 1350 1218 -
1367 1199 1385 1218 ν
1413 1175 1446 1229 et
1467 1211 1487 1218 -
1505 1199 1523 1216 ν
1539 1201 1557 1217 υ
1575 1209 1594 1220 -
1613 1199 1631 1216 ν
1654 1187 1742 1230 com-

290 1275 430 1332 mutatos
454 1265 650 1346 rettulerim,
672 1274 709 1330 ut

492 1369 564 1433 Καθ.
582 1366 642 1449 VI,
657 1369 692 1432 3:
717 1369 753 1433 ἐν
775 1374 813 1452 τῇ
836 1367 967 1453 dendorp
990 1371 1225 1450 collapsuros
1249 1367 1253 1456 Ι
1277 1369 1416 1436 θεοτόκε.

695 1471 747 1534 καὶ
767 1473 838 1535 πῶς
859 1471 922 1549 γὰρ
944 1473 1062 1536 τοῦτον
1086 1472 1144 1537 οὐκ
1166 1473 1301 1550 ἔμελλον
1326 1469 1330 1556 Ι
1354 1472 1461 1551 φρῖξαι
1482 1472 1534 1536 καὶ
1555 1473 1657 1536 δῦναι.

420 1570 511 1635 Ιοαιι.
528 1569 570 1653 V,
587 1571 626 1648 α’,
644 1572 678 1635 1:
702 1572 827 1655 ᾷειιιμεν
849 1571 969 1637 πάντεε
991 1573 1063 1637 λαοί
1087 1573 1091 1658 Ι
1114 1580 1159 1657 τῷ
1183 1574 1217 1638 ἐκ
1239 1577 1351 1653 πικρᾶε
1374 1574 1531 1638 δουλείαε.

696 1673 945 1754 ἡβαειλίετῶν
969 1672 1066 1754 ὡρῶν
1090 1675 1094 1758 Ι
1118 1680 1157 1759 τῇ
1180 1674 1407 1758 λαμπροφόρῳ
1429 1674 1539 1758 ἡμέρᾳ.

401 1775 511 1839 Cosm.
527 1773 567 1856 V,
583 1770 619 1852 θ’,
634 1774 670 1838 4:
694 1775 747 1839 ἐπὶ
768 1778 826 1853 γῆ(
848 1775 899 1839 καί
921 1773 1105 1855 ἀνθρώποιο
1127 1776 1379 1857 ευνανεετράφη.

696 1878 745 1941 καὶ
768 1877 918 1957 βραχίων,
943 1877 1028 1942 δεξιὰ
1051 1869 1193 1958 ὑφίετοα,
1217 1878 1336 1944 τθένοε.

374 2011 545 2098 Quidquid
582 2011 735 2077 licentiae
773 2015 939 2099 hucusque
976 2013 1203 2097 comprobavi,
1242 2034 1315 2076 curn
1350 2012 1539 2098 prolixitate
1573 2011 1744 2077 modorum

290 2113 510 2186 clausularum
532 2114 579 2179 ita
606 2113 775 2196 cohaeret,
804 2125 842 2178 ut
863 2136 937 2178 curn
958 2115 993 2178 in
1014 2113 1086 2178 aliis
1109 2115 1261 2201 tropariis
1283 2136 1350 2178 una
1372 2111 1502 2198 syllaba
1522 2135 1595 2178 cum
1619 2112 1743 2199 duplici

289 2217 381 2281 vocis
408 2215 496 2280 flexu
524 2214 765 2302 pronuntianda
792 2223 895 2294 esset,
923 2217 957 2280 in
986 2215 1060 2280 aliis
1083 2215 1146 2280 duo
1168 2215 1216 2279 illi
1238 2216 1311 2278 soni
1333 2214 1471 2280 induas
1501 2213 1644 2299 syllabas
1674 2215 1741 2278 dis·

288 2319 496 2403 partirentur.
541 2315 781 2398 Simili0autem
812 2314 943 2381 licentia
971 2326 1098 2382 veteres
1127 2338 1257 2403 quoque
1279 2325 1392 2403 postas
1415 2337 1549 2401 graecos
1572 2337 1648 2380 usos
1671 2303 1743 2378 esse

288 2420 387 2484 certis
420 2439 626 2482 numerorum
661 2417 790 2482 indiciis
823 2417 972 2484 concludi
1003 2428 1122 2504 potest·
1166 2419 1280 2503 Neque
1314 2418 1399 2482 enim
1431 2439 1507 2482 casu
1535 2426 1591 2480 aut
1621 2425 1743 2481 temere

288 2520 410 2584 factum
439 2529 503 2599 est,
531 2528 568 2583 ut
595 2519 630 2581 in
657 2517 854 2584 dochmiacis
883 2519 1026 2605 periodis
1048 2543 1107 2606 pro
1129 2521 1212 2607 pede
1234 2521 1356 2586 cretico
1378 2519 1487 2583 ultimi
1509 2518 1652 2583 dochmii
1675 2540 1745 2618 rno-v

288 2620 412 2686 lossum
427 2629 606 2716 ponerent,
628 2630 665 2684 ut
687 2619 805 2686 Aescb.
828 2619 973 2707 Choeph.
996 2621 1069 2703 935,
1092 2621 1172 2686 Eur.
1195 2621 1352 2704 Ion6‘18,
1376 2622 1483 2687 Orest.
1510 2621 1607 2686 1490:

442 2757 538 2837 ἔμολε
560 2758 618 2835 μὲν
641 2756 711 2821 δίκα
736 2755 741 2842 Ι
763 2757 952 2836 Πριαμίδαι(
974 2758 1083 2841 χρόνῳ
1108 2758 1112 2836 Ι
1137 2757 1307 2838 βαρύδικος
1329 2758 1437 2822 ποινά.

442 2858 521 2923 ὅταν
544 2857 604 2938 ἐμὰ
625 2859 797 2943 τύρανΙνον
820 2859 987 2924 εὐπαιδίαν
1010 2858 1015 2943 Ι
1039 2861 1131 2924 πότιν
1154 2859 1264 2938 ἔχοντ’
1287 2859 1364 2943 εἰδῇ.

441 2959 537 3039 ἔμολε
560 2959 594 3023 δ’
615 2959 636 3022 ἁ
656 2961 785 3026 τάλαιν’
809 2961 813 3044 Ι
837 2960 985 3040 Ἑρμιόνα
1007 2960 1128 3040 δόμουε
1152 2961 1156 3044 Ι
1179 2961 1230 3024 ἐπί
1259 2961 1355 3045 φόνῳ
1384 2957 1578 3041 χαμαιΙπετεῐ
1606 2959 1743 3039 ματρός,

955 3059 959 3066 ’
1204 3061 1232 3144 ἅΙ
1247 3083 1298 3127 νιν
1320 3061 1427 3126 ἔτεκεν
1449 3060 1588 3140 τλάμων.

288 3164 469 3228 Nemeum
496 3160 665 3225 modorum
693 3162 884 3226 varietatem
913 3153 1115 3248 syllabarum
1147 3163 1332 3249 quantitate
1360 3162 1542 3247 exprimere
1572 3161 1744 3226 studerent

288 3287 348 3330 nec
370 3273 478 3328 tamen
499 3260 628 3346 longius
651 3263 693 3327 ab
715 3271 848 3349 recepta
862 3262 956 3350 pedis
973 3264 1153 3329 dochmiaci
1176 3262 1282 3327 forma
1302 3263 1455 3327 recedere
1476 3262 1645 3345 auderent,
1668 3285 1744 3349 pro-

288 3374 426 3430 tractam
449 3361 614 3428 clausulae
636 3362 889 3429 modulationem
911 3366 1077 3430 lenissimo
1097 3365 1218 3429 indicio
1240 3363 1386 3450 syllabae
1408 3364 1559 3452 ancipitis
1581 3399 1599 3418 υ
1615 3407 1636 3418 -
1654 3381 1743 3420 -ῦ-

288 3467 526 3531 indicaverunt.
578 3465 784 3552 Quamquam
822 3467 967 3552 prolixas
1001 3464 1221 3532 clausularum
1253 3465 1489 3531 modulationes
1523 3465 1620 3530 latius
1654 3467 1742 3552 apud

287 3578 414 3634 veteres
441 3579 554 3654 poetas
583 3568 730 3654 patuisse
752 3579 785 3634 et
807 3568 850 3632 ud
873 3567 1087 3655 simpliciores
1115 3589 1269 3632 versuum
1298 3567 1419 3632 formas
1442 3567 1616 3631 variandas
1639 3567 1742 3654 pluri-

287 3692 375 3734 mum
398 3669 540 3732 valuisse
563 3671 640 3734 mihi
663 3691 854 3755 persuasum
876 3679 941 3752 est3
970 3670 1028 3734 sed
1059 3671 1141 3735 hanc
1169 3670 1301 3756 quidem
1329 3691 1397 3733 rem
1427 3691 1480 3752 ea,
1508 3692 1574 3756 qua
1597 3692 1657 3755 par
1679 3679 1744 3752 est,

288 3770 462 3855 diligentia
484 3771 634 3856 persequi
657 3791 722 3836 non
745 3770 841 3835 huius
863 3769 925 3835 loci
948 3793 1021 3836 esse
1043 3771 1183 3836 videtur.

373 3870 543 3935 Licentiae
575 3873 610 3934 in
638 3871 703 3935 fine
730 3893 844 3936 versus
872 3873 1036 3938 admissae
1062 3873 1226 3938 contraria
1253 3882 1303 3937 est
1329 3872 1394 3937 alia
1416 3872 1517 3937 multo
1540 3873 1654 3953 rarior,
1677 3895 1744 3958 qua

289 3975 340 4038 usi
363 3972 482 4037 melodi
503 3983 560 4038 aut
581 3973 733 4038 anaerusi
756 3995 885 4038 versum
914 3986 1078 4040 auxerunt
1105 3984 1162 4040 aut
1190 3973 1287 4038 modo
1314 3974 1356 4038 ab
1384 3974 1539 4055 iambico,
1573 3974 1670 4038 modo
1699 3974 1744 4037 ab

289 4075 497 4162 anapaestico
525 4073 609 4161 pede
637 4077 747 4140 exorsi
775 4085 861 4140 sunt.
907 4075 961 4140 Sic
991 4077 1159 4142 Romanus
1188 4077 1222 4140 in
1250 4075 1349 4161 longa
1377 4076 1440 4139 oda
1462 4075 1581 4159 viginti
1603 4085 1745 4161 quatuor

288 4175 493 4264 stropharum
516 4175 601 4264 quod
624 4186 740 4242 octavo
764 4178 873 4242 versui
895 4200 983 4243 nunc
1004 4178 1132 4259 dccem,
1156 4200 1241 4242 nunc
1256 4178 1407 4242 undecim
1431 4175 1574 4262 syllabas
1597 4175 1744 4260 inclusit,

288 4278 371 4343 banc
394 4277 556 4364 duplicem
579 4280 716 4344 somnam

351 4482 393 4547 82
415 4489 539 4566 εταυρῷ
562 4435 704 4548 ἁλιεύειν
724 4483 896 4562 διδάχθητι.
1003 4482 1046 4545 49
1068 4483 1132 4560 ἐγὼ
1154 4482 1255 4563 μόνοε
1277 4485 1336 4550 τὸν
1359 4484 1477 4563 κόεμον
1499 4483 1667 4561 νενίκηκα

287 4628 363 4682 ante
391 4617 501 4684 oculos
530 4616 685 4682 babuisse
713 4617 856 4702 ridetur,
879 4639 948 4704 quo
977 4616 1077 4681 simili
1105 4617 1200 4682 modo
1228 4627 1355 4682 veteres
1386 4625 1498 4703 poetas
1525 4619 1630 4703 primo
1658 4617 1746 4702 pede

288 4721 426 4784 trimetri
450 4719 545 4782 modo
565 4719 722 4802 iambico,
751 4717 847 4783 modo
875 4720 1083 4805 anapaestico
1113 4741 1191 4784 usos
1219 4741 1290 4782 esse
1319 4727 1456 4783 constat.
1502 4719 1623 4784 Confer
1645 4742 1739 4805 prae-

289 4830 377 4884 terea
399 4820 507 4889 Oosm
532 4819 592 4900 XI,
616 4821 653 4904 ζ’,
674 4821 710 4902 4;
733 4821 873 4899 Προεομ.
890 4819 987 4902 Vlll,
1004 4823 1040 4898 δ’,
1059 4823 1087 4883 1.
