3886 5480
744 949 877 1006 nnana
899 949 1115 1014 cumane.

501 1113 577 1194 DE
599 1111 750 1194 ARTE
773 1111 988 1197 MUSIOA
1011 1111 1359 1194 BYZANTINA.

289 1297 393 1383 Saepe
416 1318 549 1360 numero
572 1297 636 1359 iam
659 1297 843 1362 monuimus
864 1299 1012 1362 carmina
1033 1295 1258 1361 ecclesiastica
1280 1295 1451 1361 anrelodis
1474 1298 1659 1383 byzantinis

205 1399 294 1464 facta
320 1420 407 1480 esse,
437 1419 521 1483 quae
548 1409 757 1480 cancrentur,
793 1421 856 1462 non
888 1421 971 1485 quac
999 1399 1194 1482 legerentur.
1239 1395 1315 1477 Qua
1343 1398 1383 1462 de
1405 1420 1506 1463 causa
1528 1421 1601 1463 cum
1623 1401 1658 1464 in

204 1501 288 1567 libro
312 1501 353 1565 de
375 1520 469 1564 sacra
490 1501 578 1584 poesi
603 1500 782 1586 byzantina
796 1522 836 1564 ne
852 1502 965 1564 modos
981 1501 1113 1586 quidem
1128 1501 1308 1564 carminum
1331 1509 1476 1564 artemve
1499 1502 1657 1566 musicam

204 1601 335 1687 neglegi
357 1623 417 1686 par
438 1623 511 1666 asse
532 1600 815 1679 intellexissemus,
840 1601 900 1664 hoc
922 1623 1051 1687 quoque
1073 1623 1202 1683 munus,
1226 1602 1373 1686 quamvis
1396 1603 1516 1668 nostris
1531 1603 1658 1668 viribus

205 1705 327 1783 maius,
361 1702 471 1767 subire
503 1703 574 1766 ausi
605 1725 725 1766 sumus.
770 1701 884 1787 Neque
906 1701 968 1765 hoc
990 1702 1054 1767 nisi
1075 1725 1183 1766 rerum
1205 1703 1400 1767 necessitate
1422 1713 1553 1768 coactus
1578 1703 1658 1786 feci3

205 1825 319 1871 vereor
341 1804 438 1885 enim,
461 1825 501 1867 nc
524 1802 746 1889 impudentiae
769 1805 902 1868 mimine
918 1826 968 1867 me
984 1803 1071 1868 haud
1094 1805 1255 1869 immerito
1279 1803 1456 1888 lacessant,
1480 1806 1567 1891 quod
1589 1807 1659 1891 ipse

206 1904 371 1972 docendus
395 1903 475 1968 alios
499 1903 616 1969 docere
638 1914 775 1970 conatus
798 1904 868 1969 sim.
914 1905 979 1970 Sed
1001 1905 1199 1971 lineamenta
1220 1915 1346 1971 tantum
1369 1907 1414 1972 rei
1421 1897 1445 1987 ,'
1460 1905 1558 1992 lippis
1582 1929 1658 1992 quo·

208 2030 271 2093 quc
293 2004 395 2071 oculis
418 2007 610 2091 conspicua,
639 2005 858 2089 adumbrabo;
887 2007 982 2093 plura
1003 2008 1060 2093 qui
1083 2009 1167 2071 scire
1189 2006 1287 2088 velit,
1310 2029 1381 2072 eum
1404 2006 1447 2072 ad
1469 2008 1569 2074 libros
1591 2029 1658 2073 mo·

206 2111 321 2174 doram
337 2129 437 2193 supra
452 2130 484 2193 p.
500 2106 637 2172 LXXII
658 2110 723 2172 iam
746 2107 861 2172 allatos
884 2095 1008 2192 delego
1021 2119 1054 2172 et
1077 2108 1120 2174 ad
1142 2107 1316 2175 Philoxeni
1338 2110 1468 2176 Λεξικόν
1490 2113 1545 2190 τῆ(
1568 2110 1660 2189 ἑλλη-

206 2215 294 2289 νικῆ(
316 2211 565 2290 {citocotiam
587 2213 733 2290 μουεικῆε
756 2217 789 2272 et
810 2207 1026 2294 chrysanthi,
1049 2209 1257 2295 Margaritae,
1281 2209 1454 2274 Philoxeni
1476 2211 1660 2290 Θεωρητικὰ

207 2315 262 2389 τῆς
284 2296 444 2390 μὸυεικῆε.

291 2411 424 2498 Duplici
449 2410 490 2474 de
513 2411 603 2475 fonte
625 2411 750 2476 musica
777 2434 829 2476 ars
858 2411 1110 2477 christianorum
1132 2423 1204 2478 orta
1226 2431 1298 2477 esse
1320 2413 1462 2495 videtur,
1492 2413 1660 2479 demodis

206 2513 406 2600 psalmorum
429 2521 462 2577 et
484 2505 617 2578 de‘artc
646 2523 743 2599 atque
770 2513 944 2600 disciplina
971 2512 1183 2579 Graecorum.
1228 2513 1275 2580 Ut
1303 2516 1388 2580 cuim
1416 2523 1532 2580 cantus
1560 2516 1661 2580 eccle·

208 2615 486 2680 siaechristianae
508 2635 551 2680 ex
573 2615 751 2700 synagogis
774 2614 970 2680 Iudaeorum
996 2615 1145 2701 profecta
1166 2624 1232 2697 cst,
1256 2615 1303 2680 ita
1325 2626 1394 2680 artc
1416 2626 1450 2681 et
1473 2619 1657 2704 praeceptis

208 2718 407 2783 Graecorum
441 2717 589 2803 perlecta
617 2725 650 2780 et
676 2716 839 2802 perpolita
866 2738 939 2781 csse
965 2717 1105 2782 videtur.
1150 2715 1216 2782 Sed
1244 2738 1316 2781 cum
1344 2739 1536 2801 graecarum
1558 2709 1660 2784 canti-

208 2823 355 2884 lenarum
388 2818 476 2882 modi
505 2827 632 2884 tantum
660 2840 726 2882 non
753 2840 864 2884 omnes
893 2817 1055 2904 deperditi
1082 2825 1115 2882 et
1141 2817 1336 2883 Iudaeorum
1363 2820 1443 2884 artis
1471 2819 1660 2905 aenigmata
1712 2835 1716 2848 ’

208 2921 312 3004 magis
336 2941 432 3006 quam
455 2918 651 2986 documenta
673 2929 804 2984 servata
825 2921 905 3000 sint,
929 2917 1157 2984 difficillimum
1180 2930 1230 2984 cst
1252 2919 1359 3001 dictu,
1383 2921 1461 3006 quid
1484 2920 1661 2984 christiana

209 3044 262 3086 ars
279 3023 433 3102 Graecia,
458 3021 536 3108 quid
552 3021 683 3086 Iudaeis
700 3031 834 3107 accepta
856 3021 988 3103 debeat,
1011 3043 1071 3086 ncc
1094 3043 1136 3085 ex
1158 3023 1257 3086 tantis
1273 3021 1417 3087 tenebris
1433 3021 1515 3104 alia,
1539 3031 1575 3086 ut
1590 3022 1661 3086 fieri

210 3125 308 3208 solet,
344 3145 441 3209 qnam
469 3125 565 3207 signa
593 3121 752 3209 quaedam
785 3123 934 3208 speciosa
963 3123 1115 3190 eminent.
1160 3124 1270 3208 Atque
1298 3125 1367 3188 toni
1395 3124 1507 3208 (ἤχου)
1529 3124 1661 3210 quidem

210 3227 333 3290 notatio
355 3225 473 3311 cuique
494 3224 631 3290 carmini
652 3225 871 3310 praemissa*)
895 3224 1011 3288 similis
1027 3223 1125 3289 moris
1147 3245 1167 3287 a
1188 3223 1320 3288 Iudaeis
1341 3225 1376 3289 in
1397 3226 1529 3310 psalmis
1552 3226 1661 3291 obser-

210 3329 277 3394 vati
306 3326 396 3411 (vide
424 3324 542 3390 Ewald
569 3325 633 3390 Die
659 3323 848 3410 poetischen
877 3325 1005 3391 Bitcher
1032 3324 1090 3390 des
1120 3325 1207 3390 alten
1229 3325 1454 3403 Testamentes
1477 3326 1505 3407 I,
1530 3327 1591 3391 172
1612 3327 1660 3414 ff.)

209 3451 268 3493 nos
301 3427 566 3510 commonefacit3
600 3427 658 3492 sed
686 3449 727 3492 ne
755 3428 830 3492 huic
852 3429 899 3492 rei
928 3429 1013 3493 iusto
1041 3426 1114 3512 plns
1146 3427 1345 3510 tribuamus,
1379 3426 1556 3513 Byzantini
1589 3437 1661 3493 octo

210 3531 315 3613 tonis,
348 3551 465 3594 novem
487 3529 541 3592 vel
564 3529 675 3593 decern
709 3526 965 3594 modulationum
991 3528 1166 3613 generibus
1194 3527 1310 3593 Iudaei
1337 3529 1529 3612 utebantur,
1556 3549 1661 3614 acque

210 3630 388 3719 quidquam
404 3631 446 3694 de
461 3629 688 3696 vicissitudine
710 3633 795 3696 inter
816 3639 954 3717 utraque
976 3630 1197 3696 intercedente
1219 3631 1393 3696 memoriae
1413 3628 1578 3716 proditum
1601 3641 1660 3696 eet.

209 3733 310 3797 Plura
337 3743 435 3818 atque
462 3734 604 3796 certiora
630 3731 753 3797 indicia
780 3733 899 3797 veteris
921 3734 1001 3797 artis
1026 3731 1227 3798 Graecorum
1249 3730 1291 3796 ad
1313 3731 1517 3798 Christianos
1543 3753 1659 3818 propa·
1754 3751 1759 3764 ’

209 3845 305 3920 gatae
339 3843 481 3899 exstant.
531 3833 644 3919 Neque
677 3836 763 3898 enim
796 3833 901 3899 solum
934 3835 968 3898 in
1000 3833 1243 3898 narratiuncula
1275 3834 1315 3899 dc
1343 3834 1508 3899 Pambone
1541 3834 1661 3898 abbate

210 3938 258 4020 (v,
275 3957 306 4022 p.
324 3935 462 4020 XXIX)
486 3938 632 4019 tropario
652 3956 790 4019 graecae
812 3935 947 4020 originis
970 3957 1040 4000 esse
1063 3934 1289 4022 significantur
1311 3935 1512 4020 (qbeipoucrv
1535 3936 1566 4001 οἱ
1589 3936 1660 4014 Χρι-

210 4039 332 4105 (τιανοὶ
358 4038 415 4102 τὰ(
445 4037 571 4118 βίβλου(
592 4043 659 4103 τῶν
681 4037 781 4113 ἁγίων
804 4036 999 4115 εὐαγγελίων
1023 4088 1029 4103 .
1053 4087 1060 4101 .
1082 4087 1089 4101 .
1112 4037 1295 4119 γράφοντεε
1316 4037 1476 4117 τροπάρια
1497 4039 1547 4102 καί
1569 4037 1660 4116 ἑλλη-

210 4141 318 4206 νικοὺ(
352 4139 470 4216 λόγου(
503 4139 555 4203 καί
586 4139 752 4217 χυθήεεται
780 4139 799 4204 ὁ
827 4143 906 4204 νοῦ(
941 4139 985 4204 εί(
1013 4139 1157 4219 τρόπου(
1189 4141 1241 4204 καί
1270 4140 1314 4205 εἰ(
1342 4139 1417 4204 τοὺ(
1446 4139 1567 4215 λόγου(
1594 4144 1661 4205 τῶν

209 4241 399 4323 Ἑλλήνων),
428 4239 485 4304 sed
515 4240 613 4303 ctiam
641 4248 714 4306 octo
741 4239 810 4304 toni
838 4239 909 4304 sivc
937 4240 1011 4320 ἦχοι
1038 4261 1058 4303 a
1087 4239 1272 4325 byzantinis
1301 4239 1515 4325 scriptoribus
1543 4237 1660 4302 iisdem

211 4343 412 4426 nominibus,
435 4341 555 4427 quibus
577 4350 703 4406 veteres
727 4339 846 4406 Gracci
870 4362 946 4404 suas
969 4341 1155 4405 harmonias
1178 4342 1355 4420 vocabant,
1378 4339 1661 4424 significabantur3

153 4497 155 4507 .
209 4443 296 4509 conf.
319 4441 493 4528 Westphal
515 4441 639 4508 Metrik
661 4442 721 4507 der
742 4442 907 4507 Griechcn
930 4441 975 4528 (2.
998 4440 1103 4528 Aufl.)
1127 4440 1161 4523 Ι,
1184 4441 1248 4506 310
1268 4442 1293 4506 ί.
1338 4439 1403 4506 Sed
1426 4463 1466 4506 nc
1488 4439 1568 4507 haec
1591 4442 1661 4528 qui-

210 4546 285 4610 dem
306 4566 358 4609 res
382 4545 461 4609 satis
483 4553 572 4609 certa
594 4552 628 4608 et
650 4542 818 4630 explorata
840 4554 909 4626 est3
932 4563 1038 4628 neque
1060 4544 1146 4607 enim
1169 4551 1252 4625 octo,
1276 4542 1335 4607 sed
1351 4551 1476 4629 septem
1491 4541 1660 4608 modorum

211 4646 385 4732 generibus
414 4656 542 4711 veteres
571 4647 715 4712 Graecos
744 4642 843 4729 vulgo
871 4665 947 4709 usos
971 4665 1042 4709 esse
1069 4644 1204 4711 Bacchii
1225 4667 1258 4732 p.
1283 4644 1323 4709 12
1344 4643 1445 4710 Meib.
1475 4645 1660 4710 testimonio

279 4837 303 4902 ⁸)
321 4835 396 4888 Idem
416 4837 444 4886 in
463 4835 613 4887 cantilenis
631 4834 793 4886 christianis
806 4833 934 4899 Syrorum
952 4833 1057 4884 lactum
1076 4849 1138 4886 esse
1156 4835 1238 4885 docet
1250 4835 1281 4886 Α.
1294 4833 1377 4884 Hahu
1391 4833 1562 4884 Bardcsaucs
1579 4849 1607 4899 p.
1619 4835 1661 4886 82.
