3800 5474
305 405 391 461 xciv
607 407 613 418 ·
642 369 644 376 ’
888 403 1168 460 ruonnuouum.

306 552 456 617 versibus
479 550 556 616 solis
579 552 719 635 faciunt,
750 553 805 638 qui
828 551 942 616 eodem
965 550 1036 617 loco
1059 551 1163 616 dividi
1186 560 1368 637 nequeunt,
1396 553 1460 615 uisi
1489 549 1625 617 verbum
1654 551 1757 616 disse·

306 677 381 718 cars
408 653 505 735 velis,
534 655 591 718 sed
619 655 717 718 ctiam
747 655 781 717 in
808 652 900 735 aliis,
930 654 964 716 in
992 654 1111 740 quibus
1140 650 1253 718 mo'bili
1281 673 1417 718 cassura
1443 654 1564 719 rectius
1596 654 1760 717 sententia

305 754 476 838 dividitur,
500 757 592 818 utin

661 855 793 921 Ioannis
816 877 887 920 can.
911 854 996 922 VIII
1019 857 1073 920 od.
1094 855 1119 925 ξ’
1136 878 1175 921 v.
1199 857 1260 922 126
1282 858 1303 940 >
1327 857 1402 921 139:

507 978 620 1056 πέτραι
643 978 678 1040 δὲ
701 976 899 1056 ἐεχὶεθηεαν·
923 977 927 1060 Ι
951 977 1004 1040 διὰ
1026 979 1163 1055 ετανροῡ
1185 978 1246 1056 γὰρ
1269 976 1348 1056 ἤρθη
1371 975 1390 1040 ὁ
1413 976 1541 1042 δίκαιοι.

507 1081 598 1157 χαῖρε
620 1078 639 1156 ἡ
662 1078 858 1158 παγκόεμιοε
880 1079 978 1158 χαρὰ,
1002 1077 1006 1162 l
1031 1079 1077 1142 δι’
1097 1077 1136 1156 ἡ(
1157 1079 1232 1161 ἡμῖν
1255 1078 1460 1145 ἐξανέτειλεν.

663 1247 795 1312 Ioannis
818 1268 890 1310 can.
914 1246 963 1311 lV
985 1247 1038 1311 od.
1061 1249 1090 1327 η’
1113 1271 1144 1312 ν.
1167 1247 1251 1330 99,>
1276 1245 1357 1328 103,
1381 1248 1466 1312 conf.
1491 1246 1596 1311 Hirm.
1621 1271 1652 1333 p.
1676 1247 1757 1312 380:

507 1367 543 1431 ἐν
566 1367 585 1450 ῂ
609 1365 808 1445 εὐλογοῦμεν
834 1367 838 1450 Ι
864 1367 998 1446 Χμιετὸν
1021 1366 1065 1432 ελε
1087 1367 1163 1432 τοὺς
1185 1367 1312 1433 αἰῶνας.

508 1469 685 1550 ὑμνοῦντες
706 1468 806 1534 αὐτὸν
830 1469 834 1551 Ι
860 1469 906 1534 ὼε
928 1470 1005 1534 θεὸν
1027 1469 1071 1533 εἰ(
1093 1470 1171 1534 τοὺε
1192 1467 1320 1534 αἰῶνας.

307 1602 406 1683 Quod
436 1624 514 1668 vero
543 1602 639 1667 aliam
666 1625 726 1667 nos
753 1604 787 1666 in
818 1603 984 1667 veteribus
1012 1604 1210 1669 carminibus
1239 1603 1426 1668 dividendis
1450 1601 1607 1666 rationem
1630 1603 1759 1686 inimus,
1866 1635 1867 1674 ;

306 1705 416 1769 nescio
437 1725 478 1768 an
503 1705 586 1769 falso
608 1705 766 1769 faciamus
789 1715 821 1768 et
842 1714 970 1769 veteres
997 1715 1146 1770 cantores
1175 1703 1311 1770 Pindari
1332 1704 1385 1770 Ol.
1409 1705 1441 1782 I,
1470 1728 1523 1768 νν.
1550 1709 1582 1786 1,
1601 1705 1641 1768 31
1672 1705 1760 1768 varie
1866 1693 1867 1702 ¹

307 1805 492 1871 dividentes
515 1804 667 1887 eandem,
691 1827 789 1893 quam
812 1805 993 1892 byzantini,
1016 1807 1176 1873 rationem
1199 1807 1302 1871 secuti
1324 1807 1404 1870 sint:

510 1943 655 2023 Ἄρατον
678 1945 736 2024 μὲν
759 1944 847 2024 ὕδωρ
870 1944 890 2009 ὁ
912 1945 948 2008 δὲ
972 1943 977 2028 l
999 1947 1116 2023 χρνεὸε
1138 1943 1312 2024 αἰθόμενον
1334 1946 1406 2022 πῦρ.

512 2046 602 2126 χὰρα
624 2046 656 2108 δ’
678 2045 761 2124 ἅπερ
783 2046 910 2111 ἅπαντα
931 2043 1036 2124 τεύχει
1059 2044 1063 2129 l
1087 2048 1127 2110 τὰ
1149 2047 1273 2126 μείλιχα
1293 2047 1432 2109 θνατοῑε.

307 2179 451 2244 Librarii
473 2187 561 2243 certe
583 2180 731 2244 codicum
755 2180 841 2266 quod
864 2180 1055 2267 saepissime
1076 2177 1310 2266 respondentes
1325 2200 1441 2244 versus
1464 2178 1617 2264 strophae
1633 2189 1665 2244 ct
1679 2181 1760 2245 anti·

307 2280 461 2368 strophae
485 2281 532 2346 sic
555 2280 755 2364 diviserunt,
779 2292 815 2347 ut
838 2303 879 2345 ne
902 2280 1052 2346 vocabuli
1075 2289 1184 2367 partes
1208 2281 1479 2361 discinderentur,
1502 2302 1567 2346 non
1591 2282 1760 2362 oscitasse,

308 2383 366 2446 sed
388 2403 511 2448 morem
535 2404 594 2446 sua
614 2393 722 2447 aetate
745 2383 994 2471 comprohatum
1017 2384 1119 2448 secuti
1141 2403 1215 2448 esse
1237 2381 1401 2447 videntur.
1509 2391 1517 2407 ⁸

393 2484 455 2548 His
478 2484 579 2568 igitur
601 2483 775 2562 subsidiis,
800 2485 920 2571 quibus
943 2485 1077 2550 Pindari
1098 2483 1255 2572 Aeschyli
1278 2483 1506 2570 Aristophanis
1529 2485 1658 2548 cantica
1680 2485 1760 2550 divi·

307 2586 422 2651 dentes
446 2586 656 2666 adiuvamur,
689 2587 723 2650 in
745 2588 899 2672 tropariis
928 2587 1178 2652 christianorum
1201 2594 1368 2672 poetarum
1390 2583 1579 2670 digerendis
1603 2585 1760 2664 destituti,

307 2687 477 2754 modorum
514 2688 661 2770 indiciis,
702 2687 980 2754 manifestioribus
1020 2687 1085 2752 illis
1125 2688 1255 2773 quidem
1288 2687 1346 2752 scd
1378 2689 1484 2772 magis
1516 2688 1760 2770 fluctuantibus,

306 2790 439 2854 utimur.
483 2789 574 2854 Haec
596 2791 698 2875 igitur
720 2787 897 2856 Paranicas
920 2811 1010 2854 meus
1034 2799 1181 2871 secutus,
1205 2810 1268 2874 quo
1290 2787 1360 2853 loco
1375 2788 1452 2870 coli,
1476 2811 1541 2876 quo
1556 2811 1672 2854 versus
1688 2789 1761 2854 finis

307 2890 500 2955 statuendus
523 2901 620 2972 esset,
643 2891 722 2956 mihi
748 2885 909 2957 iridicavit
933 2901 1096 2978 cantuque
1118 2889 1354 2977 comprobavit.
1399 2888 1661 2955 Modulationum
1685 2914 1761 2957 vcro

308 2991 408 3058 libros
437 3002 660 3080 perscrutatus
687 2995 831 3058 rationes
862 2993 958 3058 amici
981 2994 1050 3057 fere
1072 2992 1195 3079 ubique
1227 2991 1424 3076 μαρτυρίαιε,
1453 2992 1485 3056 id
1509 3003 1559 3056 cst
1580 2991 1761 3058 altitudinis

245 3121 253 3136 ·
314 3096 403 3160 vocis
426 3092 598 3180 explicatis
621 3095 858 3176 notationibus,
882 3093 1025 3181 periodis
1048 3094 1217 3158 modorum
1240 3093 1461 3180 interpositis,
1484 3093 1693 3158 confirmatas
1715 3095 1761 3158 in·

308 3193 438 3278 tellexi3
461 3216 567 3280 neque
582 3205 689 3260 tamen
704 3217 880 3282 numquam
897 3196 1075 3261 Paranicae
1090 3206 1124 3260 et
1138 3196 1294 3261 librorum
1311 3195 1490 3259 divisiones
1506 3215 1615 3259 secum
1638 3217 1761 3282 pugna·

250 3377 252 3382 ¹
309 3298 405 3377 bant,
428 3297 513 3382 quod
537 3319 602 3360 non
624 3299 805 3381 mirabitur,
828 3297 884 3383 qui
907 3307 1106 3384 quantopere
1128 3307 1277 3361 cantores
1296 3297 1438 3362 omnium
1455 3307 1635 3380 temporum
1650 3297 1762 3362 modu·

308 3397 445 3462 lotiones
474 3398 646 3484 ‘paululum
679 3421 721 3464 ex
755 3411 814 3463 sue
846 3399 982 3464 arbitrio
1016 3399 1142 3464 variare
1175 3396 1316 3479 soleant,
1349 3397 1561 3484 reputaverit.
1611 3398 1762 3484 Denique

308 3499 460 3564 licentiae
489 3499 651 3586 quaedam
679 3503 848 3584 metricae,
877 3510 914 3566 ut
941 3523 999 3587 pes
1025 3501 1165 3565 creticus
1190 3502 1197 3564 Ξ
1226 3549 1234 3564 .
1260 3549 1267 3563 .
1289 3521 1362 3564 cum
1391 3498 1612 3565 choriambico
1636 3503 1644 3563 Ξ
1672 3547 1680 3562 .
1705 3549 1711 3562 .
1737 3547 1760 3580 .,

309 3602 361 3666 vel
391 3601 590 3688 spondeicus
615 3604 624 3668 Ξ
651 3651 658 3665 .
689 3623 763 3666 cum
790 3603 910 3667 cretico
935 3605 943 3665 Ξ
970 3651 1003 3668 ..
1026 3603 1059 3666 in
1082 3600 1147 3665 fine
1170 3599 1294 3686 periodi
1317 3609 1548 3682 commutatus,
1578 3600 1760 3685 dequibus

307 3703 394 3766 inira
426 3703 620 3787 explicatius
654 3704 829 3786 disseram,
864 3705 952 3767 viam
981 3725 1000 3768 a
1026 3703 1187 3768 Paranica
1213 3724 1285 3768 meo
1315 3701 1511 3788 patefactam
1540 3703 1760 3766 muniverunt.

236 3825 238 3831 ·
308 3806 417 3890 Atque
440 3803 502 3867 hae
525 3825 652 3890 quoque
675 3804 825 3870 licentiae
847 3827 920 3870 cum
943 3806 1112 3870 modorum
1134 3813 1250 3868 natura
1264 3805 1454 3887 cohaerent3
1479 3802 1596 3868 mediis
1619 3805 1705 3868 enim
1728 3805 1762 3868 in

310 3905 470 3969 versibus·
481 3905 553 3968 cola
575 3905 778 3970 brevioribus
801 3904 956 3971 clausulis
978 3906 1192 3987 claudebant,
1214 3893 1408 3987 in'ultimis,
1431 3928 1504 3969 cum
1528 3903 1762 3992 prolixioribus

309 4007 399 4071 vocis
415 4005 555 4070 flexibus
572 4006 836 4095 syllabarumque
856 4030 1023 4073 numerum
1041 4009 1273 4095 superantibus
1295 4017 1472 4089 uterentur,
1496 4006 1577 4072 nihil
1593 4006 1761 4072 obstaculo

309 4117 394 4191 crat,
418 4109 593 4194 quominus
616 4131 675 4196 pro
698 4109 804 4175 tribus
827 4109 965 4197 syllabis
989 4120 1127 4196 quatuor
1148 4117 1313 4196 ponerent.

394 4208 546 4275 Colonum
570 4231 648 4275 vero
670 4221 703 4277 et
717 4231 869 4277 versuum
891 4211 1086 4276 divisionem
1102 4222 1139 4276 ut
1153 4211 1271 4276 animis
1294 4209 1459 4295 oculisque
1481 4210 1648 4274 hominum
1670 4220 1760 4297 pate-

307 4313 465 4395 facerem,
488 4311 651 4399 duplicem
675 4315 834 4378 rationem
858 4315 932 4378 inii:
956 4323 1135 4378 autunum
1158 4313 1193 4376 in
1215 4333 1345 4376 versum
1369 4310 1440 4374 cols
1462 4311 1508 4374 ita
1530 4314 1702 4395 coniunxi,
1724 4321 1762 4376 ut

307 4413 427 4478 lineola
458 4414 606 4479 membra
634 4435 748 4478 versus
777 4413 1026 4500 distinguerem,
1059 4426 1116 4479 aut
1149 4414 1328 4479 secundum
1356 4422 1388 4477 et
1416 4413 1548 4478 tertium
1580 4415 1761 4479 membrum

308 4516 447 4602 amplius
462 4539 481 4580 a
497 4519 643 4601 margine
665 4519 806 4600 removi;
828 4539 934 4602 neque
956 4518 1053 4581 certis
1076 4516 1273 4604 quibusdam
1295 4515 1419 4597 causis,
1442 4524 1479 4578 ut
1496 4513 1631 4580 alteram
1654 4525 1761 4580 utram

307 4618 467 4682 rationem
496 4639 666 4704 sequerer,
694 4627 875 4684 commotus
903 4641 973 4682 sum
981 4665 993 4699 ,
1020 4617 1078 4682 sed
1113 4617 1357 4704 typothetarum
1391 4615 1569 4682 commodis
1603 4639 1662 4682 nec
1694 4640 1762 4683 non

308 4719 452 4783 arbitriis
475 4721 711 4804 obtemperavi.
749 4722 803 4785 Sic
825 4720 921 4806 primi
950 4741 1063 4783 versus
1085 4717 1218 4784 loarmis
1240 4742 1312 4784 can
1329 4717 1395 4784 Vll
1418 4729 1451 4783 et
1471 4717 1602 4805 Ioseplri
1625 4740 1698 4783 can.
1714 4718 1762 4800 II,

309 4822 458 4906 quamvis
482 4820 596 4885 iisdem
620 4822 727 4886 modis
749 4831 892 4902 utantur,
915 4821 1011 4885 modo
1034 4819 1106 4901 hoo,
1130 4823 1225 4886 modo
1247 4820 1303 4884 illo
1326 4819 1423 4885 modo
1446 4819 1571 4884 exarati
1595 4829 1686 4884 sunt:
