<?xml version="1.0" encoding="UTF-8"?>
<!DOCTYPE html PUBLIC "-//W3C//DTD XHTML 1.0 Transitional//EN"
    "http://www.w3.org/TR/xhtml1/DTD/xhtml1-transitional.dtd">
<html xmlns="http://www.w3.org/1999/xhtml" xml:lang="en" lang="en">
 <head>
  <title>
</title>
<meta http-equiv="Content-Type" content="text/html;charset=utf-8" />
  <meta name='ocr-system' content='tesseract 3.04.00' />
  <meta name='ocr-capabilities' content='ocr_page ocr_carea ocr_par ocr_line ocrx_word'/>
</head>
<body>
  <div class='ocr_page' id='page_1' title='image "anthologiagraec00chrigoog_0051.png"; bbox 0 0 3800 5474; ppageno 0'>
   <div class='ocr_carea' id='block_1_1' title="bbox 302 369 1168 430">
    <p class='ocr_par' dir='ltr' id='par_1_1' title="bbox 302 369 1168 430">
     <span class='ocr_line' id='line_1_1' title="bbox 302 369 1168 430; baseline 0.008 -6"><span class='ocrx_word' id='word_1_1' title='bbox 302 369 390 427; x_wconf 82' lang='lat' dir='ltr'><strong>XLVI</strong></span> <span class='ocrx_word' id='word_1_2' title='bbox 887 373 1168 430; x_wconf 70' lang='lat' dir='ltr'>Pnomeonnns.</span> 
     </span>
    </p>
   </div>
   <div class='ocr_carea' id='block_1_2' title="bbox 240 515 1853 2618">
    <p class='ocr_par' dir='ltr' id='par_1_2' title="bbox 240 515 1853 2618">
     <span class='ocr_line' id='line_1_2' title="bbox 302 515 1759 604; baseline 0.003 -23"><span class='ocrx_word' id='word_1_3' title='bbox 302 515 470 582; x_wconf 78' lang='lat' dir='ltr'>codicibus</span> <span class='ocrx_word' id='word_1_4' title='bbox 504 516 664 582; x_wconf 82' lang='lat' dir='ltr'>attributa</span> <span class='ocrx_word' id='word_1_5' title='bbox 685 517 869 604; x_wconf 89' lang='lat' dir='ltr'>prohibent.</span> <span class='ocrx_word' id='word_1_6' title='bbox 914 519 1038 586; x_wconf 84' lang='lat' dir='ltr'>&#39;Pernen</span> <span class='ocrx_word' id='word_1_7' title='bbox 1071 521 1226 590; x_wconf 87' lang='lat' dir='ltr'>Ioannem</span> <span class='ocrx_word' id='word_1_8' title='bbox 1259 543 1325 586; x_wconf 90' lang='lat' dir='ltr'>non</span> <span class='ocrx_word' id='word_1_9' title='bbox 1356 520 1461 586; x_wconf 90' lang='lat' dir='ltr'>solum</span> <span class='ocrx_word' id='word_1_10' title='bbox 1494 522 1651 586; x_wconf 88' lang='lat' dir='ltr'>maiorem</span> <span class='ocrx_word' id='word_1_11' title='bbox 1681 520 1759 588; x_wconf 85' lang='lat' dir='ltr'><strong>libri</strong></span> 
     </span>
     <span class='ocr_line' id='line_1_3' title="bbox 302 620 1759 710; baseline 0.005 -28"><span class='ocrx_word' id='word_1_12' title='bbox 302 627 430 705; x_wconf 84' lang='lat' dir='ltr'>partem</span> <span class='ocrx_word' id='word_1_13' title='bbox 459 620 696 707; x_wconf 82' lang='lat' dir='ltr'>composuisse,</span> <span class='ocrx_word' id='word_1_14' title='bbox 729 621 788 684; x_wconf 90' lang='lat' dir='ltr'>sed</span> <span class='ocrx_word' id='word_1_15' title='bbox 816 621 913 685; x_wconf 86' lang='lat' dir='ltr'>etiam</span> <span class='ocrx_word' id='word_1_16' title='bbox 944 622 1090 686; x_wconf 88' lang='lat' dir='ltr'>carmina</span> <span class='ocrx_word' id='word_1_17' title='bbox 1111 620 1298 687; x_wconf 89' lang='lat' dir='ltr'>secundum.</span> <span class='ocrx_word' id='word_1_18' title='bbox 1313 633 1386 690; x_wconf 86' lang='lat' dir='ltr'>octo</span> <span class='ocrx_word' id='word_1_19' title='bbox 1414 633 1522 705; x_wconf 90' lang='lat' dir='ltr'>tonos,</span> <span class='ocrx_word' id='word_1_20' title='bbox 1552 645 1632 710; x_wconf 90' lang='lat' dir='ltr'>quos</span> <span class='ocrx_word' id='word_1_21' title='bbox 1658 624 1759 706; x_wconf 71' lang='grc' dir='ltr'>ἤχου(</span> 
     </span>
     <span class='ocr_line' id='line_1_4' title="bbox 240 719 1759 812; baseline 0.002 -26"><span class='ocrx_word' id='word_1_22' title='bbox 240 789 244 794; x_wconf 74' lang='grc'><strong>,</strong></span> <span class='ocrx_word' id='word_1_23' title='bbox 304 719 423 786; x_wconf 82' lang='lat' dir='ltr'>Graeci</span> <span class='ocrx_word' id='word_1_24' title='bbox 445 719 575 803; x_wconf 86' lang='lat' dir='ltr'>dicunt,</span> <span class='ocrx_word' id='word_1_25' title='bbox 599 719 792 807; x_wconf 81' lang='lat' dir='ltr'>digessisse,</span> <span class='ocrx_word' id='word_1_26' title='bbox 815 721 929 788; x_wconf 88' lang='lat' dir='ltr'>ordine</span> <span class='ocrx_word' id='word_1_27' title='bbox 951 729 1107 805; x_wconf 77' lang='lat' dir='ltr'>crixupsim</span> <span class='ocrx_word' id='word_1_28' title='bbox 1128 730 1196 792; x_wconf 88' lang='grc' dir='ltr'>τῶν</span> <span class='ocrx_word' id='word_1_29' title='bbox 1218 723 1293 792; x_wconf 78' lang='grc' dir='ltr'>κάτ’</span> <span class='ocrx_word' id='word_1_30' title='bbox 1307 725 1505 809; x_wconf 81' lang='grc' dir='ltr'><strong>ἀλφάβητον,</strong></span> <span class='ocrx_word' id='word_1_31' title='bbox 1527 725 1759 812; x_wconf 81' lang='lat' dir='ltr'>quaeloannis</span> 
     </span>
     <span class='ocr_line' id='line_1_5' title="bbox 303 822 1759 912; baseline 0.004 -27"><span class='ocrx_word' id='word_1_32' title='bbox 303 843 421 886; x_wconf 89' lang='lat' dir='ltr'>nemen</span> <span class='ocrx_word' id='word_1_33' title='bbox 447 822 481 887; x_wconf 91' lang='lat' dir='ltr'>in</span> <span class='ocrx_word' id='word_1_34' title='bbox 508 823 616 890; x_wconf 86' lang='lat' dir='ltr'>fronte</span> <span class='ocrx_word' id='word_1_35' title='bbox 643 832 777 909; x_wconf 87' lang='lat' dir='ltr'>gerunt,</span> <span class='ocrx_word' id='word_1_36' title='bbox 806 824 980 890; x_wconf 80' lang='lat' dir='ltr'>manifesto</span> <span class='ocrx_word' id='word_1_37' title='bbox 1009 826 1258 893; x_wconf 85' lang='lat' dir='ltr'>demonstratur.</span> <span class='ocrx_word' id='word_1_38' title='bbox 1303 827 1360 893; x_wconf 81' lang='lat' dir='ltr'>sie</span> <span class='ocrx_word' id='word_1_39' title='bbox 1387 828 1473 892; x_wconf 89' lang='lat' dir='ltr'>enim</span> <span class='ocrx_word' id='word_1_40' title='bbox 1496 829 1615 912; x_wconf 86' lang='lat' dir='ltr'>viginti</span> <span class='ocrx_word' id='word_1_41' title='bbox 1643 827 1759 894; x_wconf 90' lang='lat' dir='ltr'>horum</span> 
     </span>
     <span class='ocr_line' id='line_1_6' title="bbox 304 925 1758 1014; baseline 0.003 -27"><span class='ocrx_word' id='word_1_42' title='bbox 304 925 482 990; x_wconf 86' lang='lat' dir='ltr'>carminum</span> <span class='ocrx_word' id='word_1_43' title='bbox 510 925 662 1013; x_wconf 85' lang='lat' dir='ltr'>strophae</span> <span class='ocrx_word' id='word_1_44' title='bbox 690 947 748 1012; x_wconf 90' lang='lat' dir='ltr'>per</span> <span class='ocrx_word' id='word_1_45' title='bbox 776 934 848 990; x_wconf 91' lang='lat' dir='ltr'>octo</span> <span class='ocrx_word' id='word_1_46' title='bbox 871 925 947 990; x_wconf 86' lang='lat' dir='ltr'>libri</span> <span class='ocrx_word' id='word_1_47' title='bbox 969 937 1078 1014; x_wconf 87' lang='lat' dir='ltr'>partes</span> <span class='ocrx_word' id='word_1_48' title='bbox 1100 927 1298 994; x_wconf 89' lang='lat' dir='ltr'>distributae</span> <span class='ocrx_word' id='word_1_49' title='bbox 1320 939 1414 1011; x_wconf 87' lang='lat' dir='ltr'>sunt,</span> <span class='ocrx_word' id='word_1_50' title='bbox 1437 938 1474 993; x_wconf 90' lang='lat' dir='ltr'>ut</span> <span class='ocrx_word' id='word_1_51' title='bbox 1496 929 1610 994; x_wconf 89' lang='lat' dir='ltr'>eodem</span> <span class='ocrx_word' id='word_1_52' title='bbox 1631 929 1758 1010; x_wconf 90' lang='lat' dir='ltr'>ordine,</span> 
     </span>
     <span class='ocr_line' id='line_1_7' title="bbox 303 1024 1758 1118; baseline 0.004 -28"><span class='ocrx_word' id='word_1_53' title='bbox 303 1047 367 1111; x_wconf 91' lang='lat' dir='ltr'>quo</span> <span class='ocrx_word' id='word_1_54' title='bbox 389 1024 503 1091; x_wconf 89' lang='lat' dir='ltr'>literae</span> <span class='ocrx_word' id='word_1_55' title='bbox 524 1027 702 1113; x_wconf 79' lang='lat' dir='ltr'>alphabeti,</span> <span class='ocrx_word' id='word_1_56' title='bbox 726 1047 796 1092; x_wconf 88' lang='lat' dir='ltr'>sese</span> <span class='ocrx_word' id='word_1_57' title='bbox 819 1027 995 1114; x_wconf 81' lang='lat' dir='ltr'>excipiant.</span> <span class='ocrx_word' id='word_1_58' title='bbox 1039 1028 1223 1096; x_wconf 90' lang='lat' dir='ltr'>Memoratu</span> <span class='ocrx_word' id='word_1_59' title='bbox 1245 1051 1324 1095; x_wconf 82' lang='lat' dir='ltr'>vero</span> <span class='ocrx_word' id='word_1_60' title='bbox 1347 1030 1481 1117; x_wconf 89' lang='lat' dir='ltr'>dignum</span> <span class='ocrx_word' id='word_1_61' title='bbox 1505 1040 1570 1114; x_wconf 88' lang='lat' dir='ltr'>est,</span> <span class='ocrx_word' id='word_1_62' title='bbox 1592 1031 1679 1118; x_wconf 92' lang='lat' dir='ltr'>quod</span> <span class='ocrx_word' id='word_1_63' title='bbox 1702 1053 1758 1096; x_wconf 87' lang='lat' dir='ltr'>ve-</span> 
     </span>
     <span class='ocr_line' id='line_1_8' title="bbox 303 1119 1759 1215; baseline 0.001 -21"><span class='ocrx_word' id='word_1_64' title='bbox 303 1128 519 1194; x_wconf 87' lang='lat' dir='ltr'>tustissimum</span> <span class='ocrx_word' id='word_1_65' title='bbox 549 1119 786 1211; x_wconf 87' lang='lat' dir='ltr'>Paracleticou,</span> <span class='ocrx_word' id='word_1_66' title='bbox 815 1130 903 1215; x_wconf 92' lang='lat' dir='ltr'>quod</span> <span class='ocrx_word' id='word_1_67' title='bbox 930 1151 947 1194; x_wconf 90' lang='lat' dir='ltr'>e</span> <span class='ocrx_word' id='word_1_68' title='bbox 977 1129 1089 1197; x_wconf 87' lang='lat' dir='ltr'>codice</span> <span class='ocrx_word' id='word_1_69' title='bbox 1117 1131 1377 1197; x_wconf 82' lang='lat' dir='ltr'>Grcttaferratae</span> <span class='ocrx_word' id='word_1_70' title='bbox 1398 1155 1431 1196; x_wconf 93' lang='lat' dir='ltr'>n.</span> <span class='ocrx_word' id='word_1_71' title='bbox 1457 1134 1496 1198; x_wconf 84' lang='lat'>15</span> <span class='ocrx_word' id='word_1_72' title='bbox 1522 1133 1646 1198; x_wconf 83' lang='lat' dir='ltr'>Romae</span> <span class='ocrx_word' id='word_1_73' title='bbox 1673 1154 1759 1196; x_wconf 88' lang='lat' dir='ltr'>anno</span> 
     </span>
     <span class='ocr_line' id='line_1_9' title="bbox 305 1228 1760 1310; baseline 0.003 -16"><span class='ocrx_word' id='word_1_74' title='bbox 305 1231 386 1296; x_wconf 77' lang='lat'><strong>1736</strong></span> <span class='ocrx_word' id='word_1_75' title='bbox 408 1231 443 1295; x_wconf 92' lang='lat' dir='ltr'>in</span> <span class='ocrx_word' id='word_1_76' title='bbox 464 1229 569 1294; x_wconf 90' lang='lat' dir='ltr'>lucem</span> <span class='ocrx_word' id='word_1_77' title='bbox 597 1228 721 1296; x_wconf 86' lang='lat' dir='ltr'>editum</span> <span class='ocrx_word' id='word_1_78' title='bbox 749 1239 814 1310; x_wconf 89' lang='lat' dir='ltr'>est,</span> <span class='ocrx_word' id='word_1_79' title='bbox 842 1229 913 1296; x_wconf 84' lang='lat' dir='ltr'>sola</span> <span class='ocrx_word' id='word_1_80' title='bbox 940 1231 1072 1298; x_wconf 84' lang='lat' dir='ltr'>Ioannis</span> <span class='ocrx_word' id='word_1_81' title='bbox 1099 1234 1245 1299; x_wconf 87' lang='lat' dir='ltr'>carmina</span> <span class='ocrx_word' id='word_1_82' title='bbox 1271 1233 1370 1299; x_wconf 91' lang='lat' dir='ltr'>nullis</span> <span class='ocrx_word' id='word_1_83' title='bbox 1398 1234 1471 1300; x_wconf 84' lang='lat' dir='ltr'>aliis</span> <span class='ocrx_word' id='word_1_84' title='bbox 1499 1233 1648 1299; x_wconf 85' lang='lat' dir='ltr'>admixta</span> <span class='ocrx_word' id='word_1_85' title='bbox 1674 1244 1760 1299; x_wconf 83' lang='lat' dir='ltr'>teste</span> 
     </span>
     <span class='ocr_line' id='line_1_10' title="bbox 304 1330 1760 1424; baseline 0.004 -28"><span class='ocrx_word' id='word_1_86' title='bbox 304 1332 396 1397; x_wconf 86' lang='lat' dir='ltr'>Pitru</span> <span class='ocrx_word' id='word_1_87' title='bbox 411 1330 595 1424; x_wconf 85' lang='lat' dir='ltr'>Hymnogr.</span> <span class='ocrx_word' id='word_1_88' title='bbox 612 1354 645 1419; x_wconf 89' lang='lat' dir='ltr'>p.</span> <span class='ocrx_word' id='word_1_89' title='bbox 659 1332 702 1398; x_wconf 79' lang='lat'>59</span> <span class='ocrx_word' id='word_1_90' title='bbox 717 1333 872 1400; x_wconf 90' lang='lat' dir='ltr'>continet.</span> <span class='ocrx_word' id='word_1_91' title='bbox 894 1333 1069 1400; x_wconf 82' lang='lat' dir='ltr'>Praeterea</span> <span class='ocrx_word' id='word_1_92' title='bbox 1083 1337 1330 1422; x_wconf 85' lang='lat' dir='ltr'>praecipuarum</span> <span class='ocrx_word' id='word_1_93' title='bbox 1345 1334 1585 1402; x_wconf 82' lang='lat' dir='ltr'>solemnitatum</span> <span class='ocrx_word' id='word_1_94' title='bbox 1602 1335 1760 1402; x_wconf 84' lang='lat' dir='ltr'>ecclesiae</span> 
     </span>
     <span class='ocr_line' id='line_1_11' title="bbox 303 1433 1760 1522; baseline 0.003 -24"><span class='ocrx_word' id='word_1_95' title='bbox 303 1455 442 1500; x_wconf 88' lang='lat' dir='ltr'>canones</span> <span class='ocrx_word' id='word_1_96' title='bbox 470 1433 609 1499; x_wconf 87' lang='lat' dir='ltr'>Ioannes</span> <span class='ocrx_word' id='word_1_97' title='bbox 638 1435 837 1521; x_wconf 88' lang='lat' dir='ltr'>composuit,</span> <span class='ocrx_word' id='word_1_98' title='bbox 865 1457 1003 1522; x_wconf 89' lang='lat' dir='ltr'>quorum</span> <span class='ocrx_word' id='word_1_99' title='bbox 1025 1435 1264 1518; x_wconf 88' lang='lat' dir='ltr'>nobilissimos,</span> <span class='ocrx_word' id='word_1_100' title='bbox 1287 1458 1307 1501; x_wconf 87' lang='lat' dir='ltr'>a</span> <span class='ocrx_word' id='word_1_101' title='bbox 1328 1436 1501 1503; x_wconf 78' lang='lat' dir='ltr'>Theodoro</span> <span class='ocrx_word' id='word_1_102' title='bbox 1524 1435 1702 1504; x_wconf 90' lang='lat' dir='ltr'>Prcdromo</span> <span class='ocrx_word' id='word_1_103' title='bbox 1726 1447 1760 1503; x_wconf 91' lang='lat' dir='ltr'>et</span> 
     </span>
     <span class='ocr_line' id='line_1_12' title="bbox 305 1535 1759 1626; baseline 0.003 -26"><span class='ocrx_word' id='word_1_104' title='bbox 305 1535 467 1622; x_wconf 83' lang='lat' dir='ltr'>Gregorio</span> <span class='ocrx_word' id='word_1_105' title='bbox 490 1535 661 1602; x_wconf 80' lang='lat' dir='ltr'>Corinthio</span> <span class='ocrx_word' id='word_1_106' title='bbox 683 1535 821 1622; x_wconf 86' lang='lat' dir='ltr'>prolixis</span> <span class='ocrx_word' id='word_1_107' title='bbox 850 1537 1090 1604; x_wconf 85' lang='lat' dir='ltr'>commentariis</span> <span class='ocrx_word' id='word_1_108' title='bbox 1111 1537 1307 1618; x_wconf 84' lang='lat' dir='ltr'>illustratos,</span> <span class='ocrx_word' id='word_1_109' title='bbox 1331 1539 1365 1603; x_wconf 91' lang='lat' dir='ltr'>in</span> <span class='ocrx_word' id='word_1_110' title='bbox 1387 1538 1471 1604; x_wconf 87' lang='lat' dir='ltr'>hane</span> <span class='ocrx_word' id='word_1_111' title='bbox 1493 1560 1622 1626; x_wconf 90' lang='lat' dir='ltr'>quoque</span> <span class='ocrx_word' id='word_1_112' title='bbox 1643 1538 1759 1604; x_wconf 89' lang='lat' dir='ltr'>antho-</span> 
     </span>
     <span class='ocr_line' id='line_1_13' title="bbox 305 1635 1759 1727; baseline 0.003 -27"><span class='ocrx_word' id='word_1_113' title='bbox 305 1638 427 1722; x_wconf 80' lang='lat' dir='ltr'>logiam</span> <span class='ocrx_word' id='word_1_114' title='bbox 449 1659 481 1724; x_wconf 96' lang='lat' dir='ltr'>p.</span> <span class='ocrx_word' id='word_1_115' title='bbox 505 1635 685 1702; x_wconf 77' lang='lat'><strong>205—236</strong></span> <span class='ocrx_word' id='word_1_116' title='bbox 706 1638 899 1724; x_wconf 81' lang='lat' dir='ltr'>recepimus.</span> <span class='ocrx_word' id='word_1_117' title='bbox 943 1639 1071 1707; x_wconf 86' lang='lat' dir='ltr'>Horum</span> <span class='ocrx_word' id='word_1_118' title='bbox 1099 1649 1167 1704; x_wconf 88' lang='lat' dir='ltr'>tres</span> <span class='ocrx_word' id='word_1_119' title='bbox 1190 1640 1331 1727; x_wconf 87' lang='lat' dir='ltr'>priores,</span> <span class='ocrx_word' id='word_1_120' title='bbox 1355 1662 1436 1727; x_wconf 90' lang='lat' dir='ltr'>quos</span> <span class='ocrx_word' id='word_1_121' title='bbox 1459 1641 1616 1706; x_wconf 88' lang='lat' dir='ltr'>iambicos</span> <span class='ocrx_word' id='word_1_122' title='bbox 1639 1641 1759 1707; x_wconf 84' lang='lat' dir='ltr'>Suidas</span> 
     </span>
     <span class='ocr_line' id='line_1_14' title="bbox 304 1736 1758 1828; baseline 0.003 -26"><span class='ocrx_word' id='word_1_123' title='bbox 304 1739 374 1802; x_wconf 94' lang='lat' dir='ltr'>loco</span> <span class='ocrx_word' id='word_1_124' title='bbox 396 1736 529 1804; x_wconf 87' lang='lat' dir='ltr'>laudato</span> <span class='ocrx_word' id='word_1_125' title='bbox 551 1739 712 1822; x_wconf 86' lang='lat' dir='ltr'>nominat,</span> <span class='ocrx_word' id='word_1_126' title='bbox 735 1741 818 1805; x_wconf 90' lang='lat' dir='ltr'>miro</span> <span class='ocrx_word' id='word_1_127' title='bbox 841 1739 982 1827; x_wconf 85' lang='lat' dir='ltr'>quodam</span> <span class='ocrx_word' id='word_1_128' title='bbox 1004 1741 1200 1808; x_wconf 86' lang='lat' dir='ltr'>artificiosae</span> <span class='ocrx_word' id='word_1_129' title='bbox 1222 1741 1414 1828; x_wconf 86' lang='lat' dir='ltr'>diligentiae</span> <span class='ocrx_word' id='word_1_130' title='bbox 1435 1743 1509 1808; x_wconf 90' lang='lat' dir='ltr'>lusu</span> <span class='ocrx_word' id='word_1_131' title='bbox 1531 1742 1758 1810; x_wconf 82' lang='lat' dir='ltr'>memorabiles</span> 
     </span>
     <span class='ocr_line' id='line_1_15' title="bbox 304 1839 1757 1932; baseline 0.003 -29"><span class='ocrx_word' id='word_1_132' title='bbox 304 1848 389 1904; x_wconf 88' lang='lat' dir='ltr'>snut.</span> <span class='ocrx_word' id='word_1_133' title='bbox 434 1839 520 1905; x_wconf 86' lang='lat' dir='ltr'>Vere</span> <span class='ocrx_word' id='word_1_134' title='bbox 543 1839 629 1904; x_wconf 90' lang='lat' dir='ltr'>enim</span> <span class='ocrx_word' id='word_1_135' title='bbox 650 1862 707 1906; x_wconf 91' lang='lat' dir='ltr'>eos</span> <span class='ocrx_word' id='word_1_136' title='bbox 729 1842 842 1907; x_wconf 57' lang='lat' dir='ltr'>uncta</span> <span class='ocrx_word' id='word_1_137' title='bbox 864 1842 1011 1909; x_wconf 87' lang='lat' dir='ltr'>oratione</span> <span class='ocrx_word' id='word_1_138' title='bbox 1032 1844 1171 1931; x_wconf 88' lang='lat' dir='ltr'>scriptos</span> <span class='ocrx_word' id='word_1_139' title='bbox 1194 1843 1335 1928; x_wconf 83' lang='lat' dir='ltr'>dixeris,</span> <span class='ocrx_word' id='word_1_140' title='bbox 1357 1846 1518 1932; x_wconf 87' lang='lat' dir='ltr'>siquidem</span> <span class='ocrx_word' id='word_1_141' title='bbox 1540 1843 1663 1932; x_wconf 86' lang='lat' dir='ltr'>triplici</span> <span class='ocrx_word' id='word_1_142' title='bbox 1686 1847 1757 1909; x_wconf 88' lang='lat' dir='ltr'>vin·</span> 
     </span>
     <span class='ocr_line' id='line_1_16' title="bbox 304 1941 1757 2034; baseline 0.004 -29"><span class='ocrx_word' id='word_1_143' title='bbox 304 1941 376 2005; x_wconf 88' lang='lat' dir='ltr'>culo</span> <span class='ocrx_word' id='word_1_144' title='bbox 398 1949 497 2028; x_wconf 87' lang='lat' dir='ltr'>poeta</span> <span class='ocrx_word' id='word_1_145' title='bbox 517 1942 589 2028; x_wconf 87' lang='lat' dir='ltr'>ipse</span> <span class='ocrx_word' id='word_1_146' title='bbox 611 1965 682 2008; x_wconf 88' lang='lat' dir='ltr'>sese</span> <span class='ocrx_word' id='word_1_147' title='bbox 705 1945 858 2009; x_wconf 88' lang='lat' dir='ltr'>coercuit.</span> <span class='ocrx_word' id='word_1_148' title='bbox 895 1943 1045 2032; x_wconf 86' lang='lat' dir='ltr'>Namque</span> <span class='ocrx_word' id='word_1_149' title='bbox 1059 1946 1199 2032; x_wconf 90' lang='lat' dir='ltr'>primum</span> <span class='ocrx_word' id='word_1_150' title='bbox 1214 1945 1372 2012; x_wconf 89' lang='lat' dir='ltr'>iambicos</span> <span class='ocrx_word' id='word_1_151' title='bbox 1386 1946 1552 2014; x_wconf 86' lang='lat' dir='ltr'>trimetros</span> <span class='ocrx_word' id='word_1_152' title='bbox 1567 1949 1615 2012; x_wconf 91' lang='lat' dir='ltr'>ita</span> <span class='ocrx_word' id='word_1_153' title='bbox 1629 1949 1757 2034; x_wconf 85' lang='lat' dir='ltr'>panxit,</span> 
     </span>
     <span class='ocr_line' id='line_1_17' title="bbox 303 2041 1757 2134; baseline 0.003 -27"><span class='ocrx_word' id='word_1_154' title='bbox 303 2051 339 2107; x_wconf 90' lang='lat' dir='ltr'>ut</span> <span class='ocrx_word' id='word_1_155' title='bbox 361 2041 450 2128; x_wconf 88' lang='lat' dir='ltr'>leges</span> <span class='ocrx_word' id='word_1_156' title='bbox 473 2044 665 2129; x_wconf 88' lang='lat' dir='ltr'>quantitatis</span> <span class='ocrx_word' id='word_1_157' title='bbox 692 2067 758 2110; x_wconf 91' lang='lat' dir='ltr'>non</span> <span class='ocrx_word' id='word_1_158' title='bbox 786 2046 893 2110; x_wconf 88' lang='lat' dir='ltr'>minus</span> <span class='ocrx_word' id='word_1_159' title='bbox 920 2045 1072 2132; x_wconf 86' lang='lat' dir='ltr'>religiose</span> <span class='ocrx_word' id='word_1_160' title='bbox 1099 2069 1196 2134; x_wconf 86' lang='lat' dir='ltr'>quam</span> <span class='ocrx_word' id='word_1_161' title='bbox 1219 2056 1346 2114; x_wconf 85' lang='lat' dir='ltr'>veteres</span> <span class='ocrx_word' id='word_1_162' title='bbox 1374 2057 1491 2134; x_wconf 85' lang='lat' dir='ltr'>poetae</span> <span class='ocrx_word' id='word_1_163' title='bbox 1518 2049 1628 2134; x_wconf 86' lang='lat' dir='ltr'>graeci</span> <span class='ocrx_word' id='word_1_164' title='bbox 1650 2048 1757 2114; x_wconf 86' lang='lat' dir='ltr'>ohser-</span> 
     </span>
     <span class='ocr_line' id='line_1_18' title="bbox 303 2142 1853 2234; baseline 0.005 -26"><span class='ocrx_word' id='word_1_165' title='bbox 303 2153 409 2209; x_wconf 86' lang='lat' dir='ltr'>varet.</span> <span class='ocrx_word' id='word_1_166' title='bbox 444 2142 576 2210; x_wconf 89' lang='lat' dir='ltr'>Deinde</span> <span class='ocrx_word' id='word_1_167' title='bbox 597 2155 768 2232; x_wconf 91' lang='lat' dir='ltr'>poetarum</span> <span class='ocrx_word' id='word_1_168' title='bbox 790 2145 1041 2234; x_wconf 79' lang='lat' dir='ltr'>byzantinorum</span> <span class='ocrx_word' id='word_1_169' title='bbox 1062 2170 1165 2230; x_wconf 90' lang='lat' dir='ltr'>more,</span> <span class='ocrx_word' id='word_1_170' title='bbox 1189 2159 1226 2216; x_wconf 92' lang='lat' dir='ltr'>ut</span> <span class='ocrx_word' id='word_1_171' title='bbox 1248 2150 1338 2215; x_wconf 89' lang='lat' dir='ltr'>vocis</span> <span class='ocrx_word' id='word_1_172' title='bbox 1360 2149 1466 2215; x_wconf 84' lang='lat' dir='ltr'>flexus</span> <span class='ocrx_word' id='word_1_173' title='bbox 1488 2152 1679 2216; x_wconf 87' lang='lat' dir='ltr'>accentibus</span> <span class='ocrx_word' id='word_1_174' title='bbox 1701 2151 1757 2215; x_wconf 93' lang='lat' dir='ltr'>ad·</span> <span class='ocrx_word' id='word_1_175' title='bbox 1845 2145 1853 2155; x_wconf 79' lang='grc'><em>“</em></span> 
     </span>
     <span class='ocr_line' id='line_1_19' title="bbox 303 2247 1757 2336; baseline 0.006 -28"><span class='ocrx_word' id='word_1_176' title='bbox 303 2247 447 2331; x_wconf 87' lang='lat' dir='ltr'>iuvaret,</span> <span class='ocrx_word' id='word_1_177' title='bbox 471 2268 536 2312; x_wconf 91' lang='lat' dir='ltr'>non</span> <span class='ocrx_word' id='word_1_178' title='bbox 558 2248 655 2314; x_wconf 89' lang='lat' dir='ltr'>modo</span> <span class='ocrx_word' id='word_1_179' title='bbox 678 2249 821 2334; x_wconf 83' lang='lat' dir='ltr'>syllabas</span> <span class='ocrx_word' id='word_1_180' title='bbox 844 2250 958 2334; x_wconf 87' lang='lat' dir='ltr'>longos</span> <span class='ocrx_word' id='word_1_181' title='bbox 979 2271 1141 2336; x_wconf 88' lang='lat' dir='ltr'>nusquam</span> <span class='ocrx_word' id='word_1_182' title='bbox 1162 2252 1197 2315; x_wconf 92' lang='lat' dir='ltr'>in</span> <span class='ocrx_word' id='word_1_183' title='bbox 1219 2251 1301 2316; x_wconf 86' lang='lat' dir='ltr'>duas</span> <span class='ocrx_word' id='word_1_184' title='bbox 1316 2253 1432 2318; x_wconf 83' lang='lat' dir='ltr'>breves</span> <span class='ocrx_word' id='word_1_185' title='bbox 1448 2251 1562 2334; x_wconf 84' lang='lat' dir='ltr'>solvit,</span> <span class='ocrx_word' id='word_1_186' title='bbox 1586 2251 1757 2318; x_wconf 90' lang='lat' dir='ltr'>sedetiam</span> 
     </span>
     <span class='ocr_line' id='line_1_20' title="bbox 302 2347 1759 2440; baseline 0.003 -25"><span class='ocrx_word' id='word_1_187' title='bbox 302 2348 401 2415; x_wconf 85' lang='lat' dir='ltr'>certis</span> <span class='ocrx_word' id='word_1_188' title='bbox 433 2347 567 2414; x_wconf 87' lang='lat' dir='ltr'>sedibus</span> <span class='ocrx_word' id='word_1_189' title='bbox 596 2350 753 2437; x_wconf 88' lang='lat' dir='ltr'>cuiusque</span> <span class='ocrx_word' id='word_1_190' title='bbox 780 2372 895 2415; x_wconf 86' lang='lat' dir='ltr'>versus</span> <span class='ocrx_word' id='word_1_191' title='bbox 922 2361 1132 2418; x_wconf 86' lang='lat' dir='ltr'>accentuatas</span> <span class='ocrx_word' id='word_1_192' title='bbox 1154 2351 1297 2440; x_wconf 87' lang='lat' dir='ltr'>syllabas</span> <span class='ocrx_word' id='word_1_193' title='bbox 1319 2352 1506 2440; x_wconf 85' lang='lat' dir='ltr'>collocavit,</span> <span class='ocrx_word' id='word_1_194' title='bbox 1536 2355 1629 2418; x_wconf 89' lang='lat' dir='ltr'>euius</span> <span class='ocrx_word' id='word_1_195' title='bbox 1651 2354 1700 2418; x_wconf 91' lang='lat' dir='ltr'>rei</span> <span class='ocrx_word' id='word_1_196' title='bbox 1722 2365 1759 2419; x_wconf 93' lang='lat' dir='ltr'>ut</span> 
     </span>
     <span class='ocr_line' id='line_1_21' title="bbox 303 2448 1757 2541; baseline 0.004 -29"><span class='ocrx_word' id='word_1_197' title='bbox 303 2448 489 2537; x_wconf 85' lang='lat' dir='ltr'>exemplum</span> <span class='ocrx_word' id='word_1_198' title='bbox 517 2449 619 2517; x_wconf 89' lang='lat' dir='ltr'>oculis</span> <span class='ocrx_word' id='word_1_199' title='bbox 649 2452 838 2530; x_wconf 86' lang='lat' dir='ltr'>subiiciam,</span> <span class='ocrx_word' id='word_1_200' title='bbox 868 2474 907 2518; x_wconf 90' lang='lat' dir='ltr'>en</span> <span class='ocrx_word' id='word_1_201' title='bbox 935 2454 1032 2540; x_wconf 92' lang='lat' dir='ltr'>primi</span> <span class='ocrx_word' id='word_1_202' title='bbox 1060 2457 1192 2520; x_wconf 88' lang='lat' dir='ltr'>canonis</span> <span class='ocrx_word' id='word_1_203' title='bbox 1219 2456 1344 2539; x_wconf 85' lang='lat' dir='ltr'>primae</span> <span class='ocrx_word' id='word_1_204' title='bbox 1373 2454 1455 2520; x_wconf 90' lang='lat' dir='ltr'>odae</span> <span class='ocrx_word' id='word_1_205' title='bbox 1484 2456 1580 2541; x_wconf 86' lang='lat' dir='ltr'>primi</span> <span class='ocrx_word' id='word_1_206' title='bbox 1608 2465 1642 2520; x_wconf 87' lang='lat' dir='ltr'>et</span> <span class='ocrx_word' id='word_1_207' title='bbox 1667 2457 1757 2522; x_wconf 89' lang='lat' dir='ltr'>tertii</span> 
     </span>
     <span class='ocr_line' id='line_1_22' title="bbox 306 2551 626 2618; baseline 0.016 -5"><span class='ocrx_word' id='word_1_208' title='bbox 306 2572 423 2616; x_wconf 83' lang='lat' dir='ltr'>uersus</span> <span class='ocrx_word' id='word_1_209' title='bbox 447 2551 626 2618; x_wconf 86' lang='lat' dir='ltr'>schemata:</span> 
     </span>
    </p>
   </div>
   <div class='ocr_carea' id='block_1_3' title="bbox 662 2689 1176 2778">
    <p class='ocr_par' dir='ltr' id='par_1_3' title="bbox 662 2689 1176 2778">
     <span class='ocr_line' id='line_1_23' title="bbox 725 2705 731 2722; baseline 0 0"><span class='ocrx_word' id='word_1_210' title='bbox 725 2705 731 2722; x_wconf 80' lang='grc' dir='ltr'><strong>Ι</strong></span> 
     </span>
     <span class='ocr_line' id='line_1_24' title="bbox 662 2689 1176 2778; baseline 0.008 -20"><span class='ocrx_word' id='word_1_211' title='bbox 662 2689 909 2778; x_wconf 56' lang='grc' dir='ltr'>Ῑ.ῡ-υ-ῡἸ</span> <span class='ocrx_word' id='word_1_212' title='bbox 968 2708 1176 2764; x_wconf 72' lang='lat' dir='ltr'>..-0&#39;-c-</span> 
     </span>
    </p>
   </div>
   <div class='ocr_carea' id='block_1_4' title="bbox 708 2755 1478 3085">
    <p class='ocr_par' dir='ltr' id='par_1_4' title="bbox 708 2755 1478 3085">
     <span class='ocr_line' id='line_1_25' title="bbox 708 2755 1478 2875; baseline 0.003 -19"><span class='ocrx_word' id='word_1_213' title='bbox 708 2792 805 2859; x_wconf 74' lang='grc' dir='ltr'>ἔεωεε</span> <span class='ocrx_word' id='word_1_214' title='bbox 828 2795 910 2860; x_wconf 90' lang='grc' dir='ltr'>λαὸν</span> <span class='ocrx_word' id='word_1_215' title='bbox 931 2755 1185 2874; x_wconf 57' lang='grc' dir='ltr'>Ιαυματουργῶν</span> <span class='ocrx_word' id='word_1_216' title='bbox 1209 2794 1373 2875; x_wconf 79' lang='grc' dir='ltr'>δεεπότηε.</span> <span class='ocrx_word' id='word_1_217' title='bbox 1473 2807 1478 2814; x_wconf 85' lang='grc'><em>·</em></span> 
     </span>
     <span class='ocr_line' id='line_1_26' title="bbox 710 2893 1293 2976; baseline -0.003 -16"><span class='ocrx_word' id='word_1_218' title='bbox 710 2893 824 2972; x_wconf 84' lang='grc' dir='ltr'>ἤνεγκε</span> <span class='ocrx_word' id='word_1_219' title='bbox 846 2897 964 2975; x_wconf 71' lang='lat' dir='ltr'>rumbo</span> <span class='ocrx_word' id='word_1_220' title='bbox 987 2895 1157 2976; x_wconf 81' lang='grc' dir='ltr'>ἡγιαεμένη</span> <span class='ocrx_word' id='word_1_221' title='bbox 1180 2897 1293 2973; x_wconf 76' lang='grc' dir='ltr'>λόγόν.</span> 
     </span>
     <span class='ocr_line' id='line_1_27' title="bbox 709 2994 1363 3085; baseline 0.006 -27"><span class='ocrx_word' id='word_1_222' title='bbox 709 2994 829 3061; x_wconf 79' lang='grc' dir='ltr'>ἔδειξεν</span> <span class='ocrx_word' id='word_1_223' title='bbox 842 2995 950 3085; x_wconf 64' lang='grc' dir='ltr'>ιἀετὴρ</span> <span class='ocrx_word' id='word_1_224' title='bbox 971 2996 1029 3062; x_wconf 87' lang='grc' dir='ltr'>τὸν</span> <span class='ocrx_word' id='word_1_225' title='bbox 1052 2997 1116 3076; x_wconf 84' lang='grc' dir='ltr'>πρὸ</span> <span class='ocrx_word' id='word_1_226' title='bbox 1138 2996 1232 3076; x_wconf 82' lang='grc' dir='ltr'>ἡλίου</span> <span class='ocrx_word' id='word_1_227' title='bbox 1254 2997 1363 3074; x_wconf 84' lang='grc' dir='ltr'>λόγον.</span> 
     </span>
    </p>
   </div>
   <div class='ocr_carea' id='block_1_5' title="bbox 657 3095 1438 3481">
    <p class='ocr_par' dir='ltr' id='par_1_5' title="bbox 657 3095 1171 3169">
     <span class='ocr_line' id='line_1_28' title="bbox 657 3095 1171 3169; baseline 0.008 -6"><span class='ocrx_word' id='word_1_228' title='bbox 657 3095 883 3165; x_wconf 41' lang='lat' dir='ltr'>bomo</span> <span class='ocrx_word' id='word_1_229' title='bbox 928 3137 1171 3169; x_wconf 65' lang='lat' dir='ltr'>-„„..-.x</span> 
     </span>
    </p>

    <p class='ocr_par' dir='ltr' id='par_1_6' title="bbox 708 3114 1438 3481">
     <span class='ocr_line' id='line_1_29' title="bbox 708 3114 1428 3281; baseline 0.004 -21"><span class='ocrx_word' id='word_1_230' title='bbox 708 3197 792 3262; x_wconf 86' lang='grc' dir='ltr'>ἑκὼν</span> <span class='ocrx_word' id='word_1_231' title='bbox 813 3199 850 3262; x_wconf 78' lang='grc' dir='ltr'>δὲ</span> <span class='ocrx_word' id='word_1_232' title='bbox 871 3114 1001 3277; x_wconf 57' lang='lat' dir='ltr'>rixosa·</span> <span class='ocrx_word' id='word_1_233' title='bbox 1015 3198 1049 3263; x_wconf 89' lang='grc' dir='ltr'>ἐκ</span> <span class='ocrx_word' id='word_1_234' title='bbox 1071 3199 1167 3279; x_wconf 76' lang='grc' dir='ltr'>κόρη(</span> <span class='ocrx_word' id='word_1_235' title='bbox 1188 3199 1298 3281; x_wconf 85' lang='grc' dir='ltr'>τρίβον</span> <span class='ocrx_word' id='word_1_236' title='bbox 1322 3200 1428 3281; x_wconf 89' lang='grc' dir='ltr'><strong>βατήν.</strong></span> 
     </span>
     <span class='ocr_line' id='line_1_30' title="bbox 710 3299 1373 3385; baseline 0.015 -10"><span class='ocrx_word' id='word_1_237' title='bbox 710 3299 840 3376; x_wconf 78' lang='grc' dir='ltr'>μιγέντα</span> <span class='ocrx_word' id='word_1_238' title='bbox 861 3303 970 3382; x_wconf 75' lang='lat' dir='ltr'>socci</span> <span class='ocrx_word' id='word_1_239' title='bbox 993 3305 1030 3384; x_wconf 74' lang='lat' dir='ltr'>Tt</span> <span class='ocrx_word' id='word_1_240' title='bbox 1054 3301 1203 3385; x_wconf 70' lang='lat' dir='ltr'>aconcio</span> <span class='ocrx_word' id='word_1_241' title='bbox 1225 3301 1313 3366; x_wconf 79' lang='grc' dir='ltr'>θεόν·</span> <span class='ocrx_word' id='word_1_242' title='bbox 1370 3377 1373 3384; x_wconf 90' lang='grc'><strong>,</strong></span> 
     </span>
     <span class='ocr_line' id='line_1_31' title="bbox 709 3399 1438 3481; baseline 0 -17"><span class='ocrx_word' id='word_1_243' title='bbox 709 3402 819 3481; x_wconf 71' lang='lat' dir='ltr'>cuspin</span> <span class='ocrx_word' id='word_1_244' title='bbox 842 3400 996 3480; x_wconf 76' lang='lat' dir='ltr'>usvtxobv</span> <span class='ocrx_word' id='word_1_245' title='bbox 1019 3399 1064 3464; x_wconf 80' lang='grc' dir='ltr'>εἰ(</span> <span class='ocrx_word' id='word_1_246' title='bbox 1086 3403 1183 3466; x_wconf 67' lang='grc' dir='ltr'>(πέος</span> <span class='ocrx_word' id='word_1_247' title='bbox 1204 3403 1263 3468; x_wconf 88' lang='grc' dir='ltr'>τὸν</span> <span class='ocrx_word' id='word_1_248' title='bbox 1286 3405 1438 3481; x_wconf 80' lang='grc' dir='ltr'>(υμπαθῆ.</span> 
     </span>
    </p>
   </div>
   <div class='ocr_carea' id='block_1_6' title="bbox 231 3566 1758 4876">
    <p class='ocr_par' dir='ltr' id='par_1_7' title="bbox 301 3566 1758 4367">
     <span class='ocr_line' id='line_1_32' title="bbox 301 3566 1754 3656; baseline 0.003 -24"><span class='ocrx_word' id='word_1_249' title='bbox 301 3570 453 3656; x_wconf 89' lang='lat' dir='ltr'>Denique</span> <span class='ocrx_word' id='word_1_250' title='bbox 480 3568 592 3633; x_wconf 85' lang='lat' dir='ltr'>literas</span> <span class='ocrx_word' id='word_1_251' title='bbox 620 3569 762 3633; x_wconf 84' lang='lat' dir='ltr'>initiales</span> <span class='ocrx_word' id='word_1_252' title='bbox 790 3566 993 3653; x_wconf 84' lang='lat' dir='ltr'>singulorum</span> <span class='ocrx_word' id='word_1_253' title='bbox 1016 3589 1080 3632; x_wconf 89' lang='lat' dir='ltr'>non</span> <span class='ocrx_word' id='word_1_254' title='bbox 1102 3569 1335 3656; x_wconf 84' lang='lat' dir='ltr'>troparicmm,</span> <span class='ocrx_word' id='word_1_255' title='bbox 1364 3568 1423 3634; x_wconf 88' lang='lat' dir='ltr'>sed</span> <span class='ocrx_word' id='word_1_256' title='bbox 1445 3591 1601 3636; x_wconf 89' lang='lat' dir='ltr'>versuum</span> <span class='ocrx_word' id='word_1_257' title='bbox 1621 3572 1754 3638; x_wconf 86' lang='lat' dir='ltr'>acrosti-</span> 
     </span>
     <span class='ocr_line' id='line_1_33' title="bbox 301 3667 1754 3757; baseline 0.003 -24"><span class='ocrx_word' id='word_1_258' title='bbox 301 3667 407 3734; x_wconf 89' lang='lat' dir='ltr'>chidis</span> <span class='ocrx_word' id='word_1_259' title='bbox 429 3669 593 3734; x_wconf 80' lang='lat' dir='ltr'>sententia</span> <span class='ocrx_word' id='word_1_260' title='bbox 612 3670 798 3750; x_wconf 86' lang='lat' dir='ltr'>coniunxit,</span> <span class='ocrx_word' id='word_1_261' title='bbox 822 3691 933 3755; x_wconf 88' lang='lat' dir='ltr'>quam,</span> <span class='ocrx_word' id='word_1_262' title='bbox 957 3679 994 3734; x_wconf 90' lang='lat' dir='ltr'>ut</span> <span class='ocrx_word' id='word_1_263' title='bbox 1014 3669 1180 3736; x_wconf 91' lang='lat' dir='ltr'>cumulum</span> <span class='ocrx_word' id='word_1_264' title='bbox 1201 3669 1377 3736; x_wconf 87' lang='lat' dir='ltr'>artificioso</span> <span class='ocrx_word' id='word_1_265' title='bbox 1399 3671 1484 3736; x_wconf 89' lang='lat' dir='ltr'>lusui</span> <span class='ocrx_word' id='word_1_266' title='bbox 1505 3671 1654 3757; x_wconf 78' lang='lat' dir='ltr'>adderet,</span> <span class='ocrx_word' id='word_1_267' title='bbox 1676 3672 1754 3738; x_wconf 91' lang='lat' dir='ltr'>duo-</span> 
     </span>
     <span class='ocr_line' id='line_1_34' title="bbox 301 3768 1757 3860; baseline 0.003 -27"><span class='ocrx_word' id='word_1_268' title='bbox 301 3793 372 3834; x_wconf 86' lang='lat' dir='ltr'>rum</span> <span class='ocrx_word' id='word_1_269' title='bbox 396 3769 611 3836; x_wconf 87' lang='lat' dir='ltr'>distichorum</span> <span class='ocrx_word' id='word_1_270' title='bbox 634 3768 870 3857; x_wconf 88' lang='lat' dir='ltr'>dactylicorum</span> <span class='ocrx_word' id='word_1_271' title='bbox 892 3772 1036 3836; x_wconf 90' lang='lat' dir='ltr'>numeris</span> <span class='ocrx_word' id='word_1_272' title='bbox 1058 3772 1206 3837; x_wconf 87' lang='lat' dir='ltr'>inclusit:</span> <span class='ocrx_word' id='word_1_273' title='bbox 1231 3771 1429 3838; x_wconf 89' lang='lat' dir='ltr'>laboriosum</span> <span class='ocrx_word' id='word_1_274' title='bbox 1453 3772 1614 3838; x_wconf 87' lang='lat' dir='ltr'>mehercle</span> <span class='ocrx_word' id='word_1_275' title='bbox 1636 3783 1670 3840; x_wconf 88' lang='lat' dir='ltr'>et</span> <span class='ocrx_word' id='word_1_276' title='bbox 1692 3773 1757 3860; x_wconf 90' lang='lat' dir='ltr'>By·</span> 
     </span>
     <span class='ocr_line' id='line_1_35' title="bbox 301 3871 1758 3959; baseline 0.003 -23"><span class='ocrx_word' id='word_1_277' title='bbox 301 3872 506 3936; x_wconf 87' lang='lat' dir='ltr'>zantinorum</span> <span class='ocrx_word' id='word_1_278' title='bbox 528 3871 666 3957; x_wconf 86' lang='lat' dir='ltr'>argutiis</span> <span class='ocrx_word' id='word_1_279' title='bbox 689 3871 825 3956; x_wconf 89' lang='lat' dir='ltr'>dignum</span> <span class='ocrx_word' id='word_1_280' title='bbox 847 3894 939 3956; x_wconf 89' lang='lat' dir='ltr'>opus.</span> <span class='ocrx_word' id='word_1_281' title='bbox 975 3872 1089 3938; x_wconf 87' lang='lat' dir='ltr'>Tantis</span> <span class='ocrx_word' id='word_1_282' title='bbox 1105 3884 1215 3938; x_wconf 85' lang='lat' dir='ltr'>autern</span> <span class='ocrx_word' id='word_1_283' title='bbox 1235 3875 1397 3959; x_wconf 77' lang='lat' dir='ltr'>angsmtiis</span> <span class='ocrx_word' id='word_1_284' title='bbox 1418 3897 1484 3939; x_wconf 90' lang='lat' dir='ltr'>non</span> <span class='ocrx_word' id='word_1_285' title='bbox 1506 3877 1682 3956; x_wconf 85' lang='lat' dir='ltr'>coercitus,</span> <span class='ocrx_word' id='word_1_286' title='bbox 1698 3876 1758 3940; x_wconf 89' lang='lat' dir='ltr'>sed</span> 
     </span>
     <span class='ocr_line' id='line_1_36' title="bbox 302 3973 1757 4063; baseline 0.003 -27"><span class='ocrx_word' id='word_1_287' title='bbox 302 3995 406 4061; x_wconf 87' lang='lat' dir='ltr'>paene</span> <span class='ocrx_word' id='word_1_288' title='bbox 429 3975 558 4038; x_wconf 84' lang='lat' dir='ltr'>vinctus</span> <span class='ocrx_word' id='word_1_289' title='bbox 580 3995 645 4038; x_wconf 89' lang='lat' dir='ltr'>non</span> <span class='ocrx_word' id='word_1_290' title='bbox 667 3974 784 4038; x_wconf 87' lang='lat' dir='ltr'>mirum</span> <span class='ocrx_word' id='word_1_291' title='bbox 813 3983 880 4055; x_wconf 91' lang='lat' dir='ltr'>est,</span> <span class='ocrx_word' id='word_1_292' title='bbox 909 3973 995 4060; x_wconf 91' lang='lat' dir='ltr'>quod</span> <span class='ocrx_word' id='word_1_293' title='bbox 1017 3996 1082 4039; x_wconf 91' lang='lat' dir='ltr'>non</span> <span class='ocrx_word' id='word_1_294' title='bbox 1104 3975 1209 4041; x_wconf 88' lang='lat' dir='ltr'>solum</span> <span class='ocrx_word' id='word_1_295' title='bbox 1235 3975 1406 4042; x_wconf 78' lang='lat' dir='ltr'>molestam</span> <span class='ocrx_word' id='word_1_296' title='bbox 1429 3976 1566 4063; x_wconf 89' lang='lat' dir='ltr'>hymnos</span> <span class='ocrx_word' id='word_1_297' title='bbox 1588 3976 1757 4063; x_wconf 81' lang='lat' dir='ltr'>pangendi</span> 
     </span>
     <span class='ocr_line' id='line_1_37' title="bbox 301 4074 1758 4164; baseline 0.004 -26"><span class='ocrx_word' id='word_1_298' title='bbox 301 4085 403 4140; x_wconf 89' lang='lat' dir='ltr'>ortem</span> <span class='ocrx_word' id='word_1_299' title='bbox 419 4074 552 4140; x_wconf 90' lang='lat' dir='ltr'>dicebat</span> <span class='ocrx_word' id='word_1_300' title='bbox 566 4074 610 4161; x_wconf 89' lang='lat' dir='ltr'>(I,</span> <span class='ocrx_word' id='word_1_301' title='bbox 629 4077 714 4162; x_wconf 87' lang='lat'>118),</span> <span class='ocrx_word' id='word_1_302' title='bbox 729 4074 903 4141; x_wconf 85' lang='lat' dir='ltr'>sedetiam</span> <span class='ocrx_word' id='word_1_303' title='bbox 925 4078 1153 4160; x_wconf 85' lang='lat' dir='ltr'>grammatices</span> <span class='ocrx_word' id='word_1_304' title='bbox 1176 4077 1265 4164; x_wconf 82' lang='lat' dir='ltr'>leges</span> <span class='ocrx_word' id='word_1_305' title='bbox 1287 4077 1375 4144; x_wconf 88' lang='lat' dir='ltr'>haud</span> <span class='ocrx_word' id='word_1_306' title='bbox 1398 4099 1471 4143; x_wconf 87' lang='lat' dir='ltr'>raro</span> <span class='ocrx_word' id='word_1_307' title='bbox 1493 4078 1651 4161; x_wconf 84' lang='lat' dir='ltr'>violabat,</span> <span class='ocrx_word' id='word_1_308' title='bbox 1667 4078 1758 4144; x_wconf 90' lang='lat' dir='ltr'>velut</span> 
     </span>
     <span class='ocr_line' id='line_1_38' title="bbox 301 4177 1757 4262; baseline 0.002 -21"><span class='ocrx_word' id='word_1_309' title='bbox 301 4177 456 4257; x_wconf 83' lang='grc' dir='ltr'>αἰγλῆντα</span> <span class='ocrx_word' id='word_1_310' title='bbox 477 4177 574 4259; x_wconf 78' lang='grc' dir='ltr'>φύειν</span> <span class='ocrx_word' id='word_1_311' title='bbox 595 4177 647 4260; x_wconf 91' lang='grc' dir='ltr'>ΙΙ,</span> <span class='ocrx_word' id='word_1_312' title='bbox 673 4177 733 4243; x_wconf 86' lang='grc'>107</span> <span class='ocrx_word' id='word_1_313' title='bbox 756 4182 904 4258; x_wconf 68' lang='grc' dir='ltr'>πυρῶδες</span> <span class='ocrx_word' id='word_1_314' title='bbox 925 4179 1006 4260; x_wconf 70' lang='grc' dir='ltr'>ἦχοι</span> <span class='ocrx_word' id='word_1_315' title='bbox 1028 4179 1097 4262; x_wconf 90' lang='grc' dir='ltr'><strong>ΙΙΙ,</strong></span> <span class='ocrx_word' id='word_1_316' title='bbox 1120 4179 1163 4244; x_wconf 89' lang='grc'>30</span> <span class='ocrx_word' id='word_1_317' title='bbox 1184 4183 1309 4259; x_wconf 83' lang='grc' dir='ltr'>πνεῦμα</span> <span class='ocrx_word' id='word_1_318' title='bbox 1330 4229 1338 4244; x_wconf 94' lang='grc'><strong>.</strong></span> <span class='ocrx_word' id='word_1_319' title='bbox 1361 4229 1368 4244; x_wconf 94' lang='grc'><strong>.</strong></span> <span class='ocrx_word' id='word_1_320' title='bbox 1391 4227 1398 4244; x_wconf 92' lang='grc'>.</span> <span class='ocrx_word' id='word_1_321' title='bbox 1420 4182 1460 4246; x_wconf 90' lang='grc' dir='ltr'>ὃν</span> <span class='ocrx_word' id='word_1_322' title='bbox 1482 4178 1553 4260; x_wconf 91' lang='grc' dir='ltr'>ΠΙ,</span> <span class='ocrx_word' id='word_1_323' title='bbox 1576 4180 1629 4244; x_wconf 87' lang='lat'>60.</span> <span class='ocrx_word' id='word_1_324' title='bbox 1675 4180 1757 4244; x_wconf 80' lang='lat' dir='ltr'>&#39;lam</span> 
     </span>
     <span class='ocr_line' id='line_1_39' title="bbox 301 4278 1757 4367; baseline 0.002 -26"><span class='ocrx_word' id='word_1_325' title='bbox 301 4278 439 4344; x_wconf 86' lang='lat' dir='ltr'>obscure</span> <span class='ocrx_word' id='word_1_326' title='bbox 460 4300 539 4345; x_wconf 89' lang='lat' dir='ltr'>vero</span> <span class='ocrx_word' id='word_1_327' title='bbox 562 4279 707 4345; x_wconf 89' lang='lat' dir='ltr'>elocutus</span> <span class='ocrx_word' id='word_1_328' title='bbox 730 4289 797 4362; x_wconf 89' lang='lat' dir='ltr'>est,</span> <span class='ocrx_word' id='word_1_329' title='bbox 819 4289 856 4344; x_wconf 93' lang='lat' dir='ltr'>ut</span> <span class='ocrx_word' id='word_1_330' title='bbox 871 4279 1033 4344; x_wconf 85' lang='lat' dir='ltr'>Heracliti</span> <span class='ocrx_word' id='word_1_331' title='bbox 1048 4279 1148 4346; x_wconf 90' lang='lat' dir='ltr'>libros</span> <span class='ocrx_word' id='word_1_332' title='bbox 1166 4279 1370 4346; x_wconf 87' lang='lat' dir='ltr'>difficiliores</span> <span class='ocrx_word' id='word_1_333' title='bbox 1392 4279 1436 4344; x_wconf 85' lang='lat' dir='ltr'>ad</span> <span class='ocrx_word' id='word_1_334' title='bbox 1458 4280 1757 4367; x_wconf 87' lang='lat' dir='ltr'>interpungendum</span> 
     </span>
    </p>

    <p class='ocr_par' dir='ltr' id='par_1_8' title="bbox 231 4380 1758 4876">
     <span class='ocr_line' id='line_1_40' title="bbox 300 4380 1757 4469; baseline 0.001 -25"><span class='ocrx_word' id='word_1_335' title='bbox 300 4403 398 4468; x_wconf 86' lang='lat' dir='ltr'>quam</span> <span class='ocrx_word' id='word_1_336' title='bbox 425 4380 484 4446; x_wconf 90' lang='lat' dir='ltr'>hos</span> <span class='ocrx_word' id='word_1_337' title='bbox 511 4401 652 4447; x_wconf 88' lang='lat' dir='ltr'>canones</span> <span class='ocrx_word' id='word_1_338' title='bbox 680 4381 782 4446; x_wconf 85' lang='lat' dir='ltr'>fuisse</span> <span class='ocrx_word' id='word_1_339' title='bbox 809 4403 936 4466; x_wconf 89' lang='lat' dir='ltr'>negem.</span> <span class='ocrx_word' id='word_1_340' title='bbox 980 4381 1132 4467; x_wconf 88' lang='lat' dir='ltr'>Denique</span> <span class='ocrx_word' id='word_1_341' title='bbox 1159 4381 1299 4446; x_wconf 87' lang='lat' dir='ltr'>Ioannes</span> <span class='ocrx_word' id='word_1_342' title='bbox 1327 4390 1455 4469; x_wconf 87' lang='lat' dir='ltr'>praeter</span> <span class='ocrx_word' id='word_1_343' title='bbox 1476 4380 1591 4466; x_wconf 85' lang='lat' dir='ltr'>longos</span> <span class='ocrx_word' id='word_1_344' title='bbox 1614 4405 1757 4448; x_wconf 88' lang='lat' dir='ltr'>canones</span> 
     </span>
     <span class='ocr_line' id='line_1_41' title="bbox 231 4465 1757 4570; baseline 0.003 -24"><span class='ocrx_word' id='word_1_345' title='bbox 231 4465 238 4478; x_wconf 60' lang='grc'>’</span> <span class='ocrx_word' id='word_1_346' title='bbox 302 4484 428 4547; x_wconf 88' lang='lat' dir='ltr'>minora</span> <span class='ocrx_word' id='word_1_347' title='bbox 449 4505 579 4570; x_wconf 90' lang='lat' dir='ltr'>quoque</span> <span class='ocrx_word' id='word_1_348' title='bbox 601 4483 744 4562; x_wconf 84' lang='lat' dir='ltr'>carmina</span> <span class='ocrx_word' id='word_1_349' title='bbox 767 4482 884 4566; x_wconf 89' lang='lat' dir='ltr'>multa,</span> <span class='ocrx_word' id='word_1_350' title='bbox 914 4487 1051 4569; x_wconf 85' lang='lat' dir='ltr'>thrum</span> <span class='ocrx_word' id='word_1_351' title='bbox 1072 4481 1229 4548; x_wconf 89' lang='lat' dir='ltr'>nonnulla</span> <span class='ocrx_word' id='word_1_352' title='bbox 1252 4482 1313 4549; x_wconf 91' lang='lat' dir='ltr'>hoc</span> <span class='ocrx_word' id='word_1_353' title='bbox 1335 4482 1418 4550; x_wconf 91' lang='lat' dir='ltr'>libro</span> <span class='ocrx_word' id='word_1_354' title='bbox 1440 4507 1473 4570; x_wconf 90' lang='lat' dir='ltr'>p.</span> <span class='ocrx_word' id='word_1_355' title='bbox 1497 4483 1662 4548; x_wconf 70' lang='lat' dir='ltr'>lli-121</span> <span class='ocrx_word' id='word_1_356' title='bbox 1688 4484 1757 4550; x_wconf 90' lang='lat' dir='ltr'>edi-</span> 
     </span>
     <span class='ocr_line' id='line_1_42' title="bbox 302 4583 1758 4672; baseline 0.003 -26"><span class='ocrx_word' id='word_1_357' title='bbox 302 4583 423 4665; x_wconf 89' lang='lat' dir='ltr'>dimus,</span> <span class='ocrx_word' id='word_1_358' title='bbox 439 4593 472 4648; x_wconf 92' lang='lat' dir='ltr'>et</span> <span class='ocrx_word' id='word_1_359' title='bbox 488 4586 648 4652; x_wconf 83' lang='grc' dir='ltr'>Κανόνιον</span> <span class='ocrx_word' id='word_1_360' title='bbox 662 4586 682 4664; x_wconf 88' lang='grc' dir='ltr'>ἢ</span> <span class='ocrx_word' id='word_1_361' title='bbox 697 4587 913 4666; x_wconf 85' lang='grc' dir='ltr'>γραμματικὴν</span> <span class='ocrx_word' id='word_1_362' title='bbox 928 4587 985 4663; x_wconf 73' lang='grc' dir='ltr'>τῆ(</span> <span class='ocrx_word' id='word_1_363' title='bbox 1006 4589 1153 4666; x_wconf 76' lang='grc' dir='ltr'>μουεικῆε</span> <span class='ocrx_word' id='word_1_364' title='bbox 1168 4585 1372 4670; x_wconf 87' lang='lat' dir='ltr'>conscripsit,</span> <span class='ocrx_word' id='word_1_365' title='bbox 1389 4583 1505 4650; x_wconf 87' lang='lat' dir='ltr'>saltem</span> <span class='ocrx_word' id='word_1_366' title='bbox 1521 4587 1758 4672; x_wconf 87' lang='lat' dir='ltr'>conscripsisse</span> 
     </span>
     <span class='ocr_line' id='line_1_43' title="bbox 302 4685 1758 4773; baseline 0.003 -25"><span class='ocrx_word' id='word_1_367' title='bbox 302 4686 415 4749; x_wconf 84' lang='lat' dir='ltr'>fertur.</span> <span class='ocrx_word' id='word_1_368' title='bbox 455 4685 554 4750; x_wconf 90' lang='lat' dir='ltr'>Hunc</span> <span class='ocrx_word' id='word_1_369' title='bbox 576 4687 668 4750; x_wconf 87' lang='lat' dir='ltr'>enim·</span> <span class='ocrx_word' id='word_1_370' title='bbox 684 4685 833 4751; x_wconf 90' lang='lat' dir='ltr'>libellum</span> <span class='ocrx_word' id='word_1_371' title='bbox 854 4686 894 4752; x_wconf 90' lang='lat' dir='ltr'>de</span> <span class='ocrx_word' id='word_1_372' title='bbox 917 4685 1056 4766; x_wconf 88' lang='lat' dir='ltr'>musica,</span> <span class='ocrx_word' id='word_1_373' title='bbox 1079 4708 1175 4773; x_wconf 91' lang='lat' dir='ltr'>quem</span> <span class='ocrx_word' id='word_1_374' title='bbox 1190 4685 1391 4752; x_wconf 88' lang='lat' dir='ltr'>Philoxenus</span> <span class='ocrx_word' id='word_1_375' title='bbox 1413 4689 1448 4752; x_wconf 92' lang='lat' dir='ltr'>in</span> <span class='ocrx_word' id='word_1_376' title='bbox 1469 4685 1594 4753; x_wconf 84' lang='lat' dir='ltr'>Lexico</span> <span class='ocrx_word' id='word_1_377' title='bbox 1615 4689 1758 4754; x_wconf 87' lang='lat' dir='ltr'>musices</span> 
     </span>
     <span class='ocr_line' id='line_1_44' title="bbox 303 4786 1758 4876; baseline 0.001 -26"><span class='ocrx_word' id='word_1_378' title='bbox 303 4807 335 4872; x_wconf 93' lang='lat' dir='ltr'>p.</span> <span class='ocrx_word' id='word_1_379' title='bbox 354 4787 414 4850; x_wconf 84' lang='lat'>113</span> <span class='ocrx_word' id='word_1_380' title='bbox 436 4797 682 4866; x_wconf 86' lang='lat' dir='ltr'>commemorat,</span> <span class='ocrx_word' id='word_1_381' title='bbox 707 4789 831 4852; x_wconf 88' lang='lat' dir='ltr'>frustra</span> <span class='ocrx_word' id='word_1_382' title='bbox 852 4789 884 4851; x_wconf 91' lang='lat' dir='ltr'>in</span> <span class='ocrx_word' id='word_1_383' title='bbox 907 4786 1115 4852; x_wconf 85' lang='lat' dir='ltr'>bibliothecis</span> <span class='ocrx_word' id='word_1_384' title='bbox 1129 4788 1321 4854; x_wconf 85' lang='lat' dir='ltr'>Monacensi</span> <span class='ocrx_word' id='word_1_385' title='bbox 1338 4798 1372 4854; x_wconf 93' lang='lat' dir='ltr'>et</span> <span class='ocrx_word' id='word_1_386' title='bbox 1386 4786 1636 4856; x_wconf 88' lang='lat' dir='ltr'>Vindobonensi</span> <span class='ocrx_word' id='word_1_387' title='bbox 1659 4811 1758 4876; x_wconf 88' lang='lat' dir='ltr'>quae·</span> 
     </span>
    </p>
   </div>
   <div class='ocr_carea' id='block_1_7' title="bbox 0 0 1905 5474">
    <p class='ocr_par' dir='ltr' id='par_1_9' title="bbox 0 0 1905 5474">
     <span class='ocr_line' id='line_1_45' title="bbox 0 0 1905 5474; baseline 0 0"><span class='ocrx_word' id='word_1_388' title='bbox 0 0 1905 5474; x_wconf 95' lang='lat' dir='ltr'> </span> 
     </span>
    </p>
   </div>
  </div>
 </body>
</html>
