3800 5474
544 309 611 410 IllB.
627 357 646 410 I.
676 355 724 410 Ill]
740 325 869 410 ΡΟΕΤΙΒΙ
882 354 1110 411 CHRISTIANIS
1125 354 1287 410 GRAECIS.
1555 355 1647 424 XXIII
1740 411 1743 417 .

194 501 330 581 ἀρχαίαν
353 501 462 582 ἀφίητι
484 503 541 582 τὴν
564 503 680 583 φωνὴν
702 502 886 568 sciotheri
907 501 1040 567 πώποτε
1063 501 1187 584 ἀτεβεῑν
1210 502 1417 584 ἐνομίτθηεαν
1433 504 1464 568 οἱ
1480 503 1646 580 λέγοντες·

193 601 350 681 Αἰνοῡμέν
377 604 500 684 πατέρα
526 605 597 670 υἱὸν
626 605 677 669 καὶ
704 603 796 680 ἅγιον
825 607 950 682 πνεῦμα
977 609 1065 670 θεοῦ.
1110 603 1137 669 εἰ
1164 604 1199 668 δέ
1226 624 1272 670 τις
1300 607 1352 669 καὶ
1377 605 1436 670 τὸν
1465 605 1567 685 ὕμνον
1589 611 1647 672 τοῦ

193 705 427 784 Ἀθηνογένουτ
450 706 546 788 έγνω,
568 705 608 772 ὃν
632 705 713 785 ὑπέρ
734 727 764 770 τι
786 705 867 771 ἄλλο
890 706 1044 787 ἐξιτήριον
1063 709 1134 771 soit
1149 709 1297 772 τννοῦτιν
1313 705 1401 791 αὐτῷ
1417 707 1648 773 καταλέλοιπεν

190 807 304 900 ῥρμῶν
325 807 385 887 ἤδη
408 809 466 887 τὴν
489 809 572 886 πρὸ(
593 813 652 873 τοῦ
675 809 777 888 πυρότ
799 807 973 888 τελείωτιν,
996 806 1066 874 olbe
1088 808 1138 873 καὶ
1160 810 1218 887 τὴν
1236 810 1303 873 τῶν
1319 807 1489 887 μαρτύρων
1504 809 1646 891 γνώμην,

193 909 284 975 ὅπως
312 907 402 989 εἶχον
429 912 480 974 καὶ
507 911 579 990 περὶ
606 913 664 974 τοῦ
692 909 883 990 πνεύματοτ.
928 907 1001 972 Ηοο
1028 908 1215 973 testimonio
1237 905 1331 972 multi
1360 908 1407 972 ita
1435 909 1532 974 abusi
1560 919 1647 994 sunt,

193 1019 229 1074 ut
244 1007 492 1094 Athenogcncm
515 1019 690 1097 martyrem
711 1010 868 1096 hymnum
885 1011 959 1076 Φῶτ
981 1009 1103 1090 ἱλαρὸν,
1117 1011 1272 1096 punxisse
1295 1009 1452 1074 dicerent.
1489 1012 1536 1076 At
1550 1011 1648 1098 paulo

191 1111 347 1176 attentius
375 1110 492 1177 Basilii
520 1110 622 1176 verba
650 1111 871 1198 perlegentem
900 1134 964 1176 non
991 1112 1111 1196 fugiet,
1146 1112 1396 1197 Athenogenem
1424 1111 1509 1178 alius
1534 1113 1648 1200 hymni

192 1223 358 1280 auctorem
380 1212 576 1298 significari,
599 1214 634 1278 in
657 1236 720 1300 quo
742 1223 776 1278 et
797 1214 869 1300 ipso
892 1213 1026 1299 spiritus
1049 1212 1154 1279 sancti
1176 1214 1297 1279 mentio
1320 1215 1411 1279 facta
1433 1223 1528 1280 esset.

276 1315 407 1397 Restat,
436 1324 472 1380 ut
500 1335 562 1400 quo
591 1316 660 1380 iure
685 1316 766 1380 hacc
788 1324 925 1401 quatuor
948 1303 1072 1400 scripta
1093 1317 1178 1381 inter
1200 1314 1347 1382 carmina
1367 1317 1562 1403 receperim,
1591 1318 1646 1381 de·
1719 1351 1729 1364 =

191 1415 324 1482 fendam
346 1425 445 1503 atque
468 1437 639 1502 exponam.
676 1415 829 1482 Numeris
853 1417 939 1480 enim
961 1415 1018 1480 illa
1033 1416 1214 1483 solutanec
1230 1427 1398 1482 cantorum
1413 1418 1518 1484 modis
1533 1429 1664 1506 aptata¹
1719 1487 1734 1514 v

190 1519 295 1584 fuisse
324 1515 424 1584 facile
452 1516 572 1604 aliquis
600 1516 737 1600 dixerit,
767 1518 854 1606 quod
882 1539 942 1582 nec
970 1519 1067 1584 certis
1097 1520 1293 1607 usitatisque
1320 1529 1496 1585 metrorum
1518 1519 1646 1606 legibus

190 1621 317 1706 illigata
337 1636 413 1688 sunt
435 1631 468 1686 et
490 1622 629 1706 primum
657 1632 754 1708 atquc
783 1619 933 1688 ultimum
955 1621 990 1685 in
1013 1620 1182 1687 codicibus
1205 1622 1318 1687 Const.
1341 1632 1447 1708 apost.
1470 1626 1645 1704 upocsuxci

190 1745 256 1789 non
279 1725 360 1808 ᾡδαὶ
381 1723 623 1805 inscribuntur,
652 1745 717 1810 qua
739 1720 780 1786 dc
802 1744 837 1786 re
860 1723 1025 1806 conferas,
1048 1721 1164 1806 sodes,
1186 1733 1380 1811 apparatum
1402 1725 1553 1790 criticum
1577 1725 1644 1789 edi·
1694 1793 1699 1810 ,

190 1825 289 1891 tionis
317 1823 555 1910 Lagardianae.
607 1822 720 1905 Quid?
754 1824 840 1910 quod
873 1845 986 1910 preces
1021 1826 1207 1892 cenatoriae
1237 1848 1303 1890 uon
1328 1825 1434 1892 solum
1462 1826 1556 1910 εὐχὴ,
1586 1825 1645 1890 sed

190 1929 268 2010 εὐχὴ
296 1928 454 2008 λεγομένη
481 1927 536 1992 ἐπ’
559 1926 675 2011 ἀρίττῳ
703 1926 738 1989 in
765 1925 935 1992 codicibus
964 1926 1140 1992 dicuntur?
1183 1927 1295 1994 Nihilo
1317 1935 1427 1992 tamen
1454 1929 1559 1994 socius
1587 1928 1646 2000 has

190 2040 329 2116 quatuor
351 2049 464 2115 preces
486 2048 551 2091 non
573 2025 677 2092 solum
699 2027 866 2112 recitatas,
889 2027 947 2094 sed
970 2030 1069 2093 etiam
1091 2037 1237 2096 cantatas
1261 2030 1373 2112 fuisse,
1397 2029 1523 2116 siquid
1544 2029 1646 2112 alind,

190 2139 316 2198 certum
336 2140 434 2217 atque
455 2129 659 2216 exploratum
675 2137 735 2195 cst.
772 2130 920 2216 Namque
942 2139 979 2194 ut
1000 2105 1238 2196 modulationes
1261 2129 1456 2218 doxologiac
1479 2141 1512 2197 ct
1531 2131 1647 2219 hymni

189 2231 368 2321 epilychnii
390 2231 618 2298 celeberrimas
642 2240 675 2295 ct
697 2231 943 2318 antiquissimas
967 2232 1058 2316 (vide
1073 2233 1198 2300 Πίνακα
1218 2239 1284 2302 τῶν
1302 2237 1409 2316 μελῶν
1425 2236 1459 2299 in
1474 2234 1537 2298 fine
1552 2232 1646 2318 libri)

189 2336 353 2416 omittam,
388 2333 566 2418 doxologia
592 2331 628 2396 in
655 2332 768 2398 codice
796 2331 1022 2398 Alexandrino
1051 2333 1182 2400 titulum
1209 2337 1312 2418 ὕμνου
1340 2337 1476 2402 ἑωθινοῦ
1505 2357 1583 2422 prae
1611 2357 1646 2400 sc

96 2469 97 2474 ¹
190 2439 254 2504 l'ert
275 2448 308 2503 et
330 2438 365 2502 in
387 2435 577 2524 psalterium
604 2435 676 2499 sive
703 2435 901 2500 canticorum
932 2433 1053 2500 librum
1080 2446 1212 2522 recepta
1240 2447 1300 2503 est.
1344 2436 1522 2504 Dillicilior
1542 2435 1647 2502 altera

189 2540 338 2627 quaestio
367 2539 411 2602 ad
438 2533 689 2602 discernendum
724 2544 790 2620 est,
825 2557 888 2622 quo
917 2558 1124 2603 numerorum
1152 2559 1274 2622 genere
1301 2538 1335 2604 hi
1363 2548 1504 2625 quatuor
1532 2538 1645 2625 hymni

189 2640 307 2707 inclusi
336 2661 408 2706 esse
435 2636 622 2703 videantur.
665 2637 750 2702 Nam
778 2660 853 2703 cum
880 2637 1117 2704 modulationes
1147 2661 1259 2704 eorum
1286 2648 1472 2726 protractae
1500 2641 1533 2704 in
1561 2638 1644 2708 latos

188 2743 345 2810 circuitus
373 2743 601 2828 exspatientur
628 2761 688 2806 nec
717 2739 819 2805 verba
847 2739 919 2826 ipsa
945 2762 1058 2827 presse
1086 2751 1282 2828 sequantur,
1310 2744 1381 2808 iure
1406 2750 1461 2808 tuo
1484 2741 1644 2829 suspicari

188 2845 305 2932 possis,
328 2864 537 2909 numerorum
560 2842 688 2926 legibus
712 2839 949 2908 modulationes
977 2841 1138 2928 illigatas,
1168 2843 1307 2909 solutam
1330 2837 1509 2910 orationem
1531 2845 1644 2910 fuisse.

188 2948 302 3033 Neque
323 2942 597 3025 Thierfelderum,
621 2965 695 3008 cum
717 2944 751 3008 in
773 2943 858 3009 libro
880 2943 932 3008 De
954 2943 1203 3009 christianorum
1226 2944 1360 3033 psalmis
1383 2969 1415 3030 p.
1428 2945 1470 3010 33
1492 2947 1645 3011 carminis

188 3051 262 3116 Φῶ(
276 3048 390 3128 ἱλαρὸν
406 3046 543 3110 metrica
557 3043 629 3110 cola
651 3042 915 3132 syllabarumque
937 3045 1121 3131 quantitate
1143 3045 1279 3113 delinita
1301 3048 1497 3130 restitueret,
1513 3069 1646 3135 operam

188 3160 221 3216 et
252 3148 359 3215 oleum
394 3146 577 3234 perdidisse
593 3168 704 3232 nego.
759 3146 809 3210 Ne
844 3157 951 3212 tamen
989 3149 1078 3213 omni
1112 3171 1319 3215 numerorum
1353 3171 1473 3235 genere
1505 3159 1645 3236 quatuor

187 3251 326 3339 hymnos
359 3249 482 3316 solutos
516 3249 620 3315 fuisse
653 3248 854 3332 iudicemus,
886 3251 950 3313 iam
977 3248 1059 3314 illud
1089 3250 1254 3338 prohibet,
1288 3253 1375 3339 quod
1404 3252 1545 3338 hymnus
1576 3253 1643 3338 epi-

187 3352 339 3441 lychnius
366 3353 401 3417 in
429 3350 607 3436 Horologio
642 3359 675 3416 ot
705 3349 879 3434 doxologia
910 3351 945 3414 in
973 3350 1046 3417 eod.
1073 3352 1300 3420 Alexandrino
1337 3355 1483 3434 ττιχηδὸν
1512 3361 1644 3418 exarata

187 3463 274 3520 sunt.
318 3453 468 3540 Namque
495 3455 593 3534 ττίχοι
620 3451 669 3518 illi
696 3451 767 3518 sive
796 3473 927 3535 versus,
958 3475 1038 3538 quos
1067 3454 1101 3517 in
1123 3465 1235 3520 nostra
1262 3475 1390 3541 quoquc
1420 3452 1563 3518 editione
1585 3477 1641 3518 ex-

187 3555 376 3644 primendos
405 3556 606 3635 curavimus,
642 3563 675 3619 et
701 3575 871 3620 numerose
902 3551 1097 3620 clauduntur
1127 3565 1159 3620 ct
1187 3555 1303 3622 similis
1331 3552 1529 3642 psalmorum
1557 3554 1640 3621 divi-

186 3659 289 3724 sionis
317 3664 531 3723 commonent.
576 3656 712 3742 Singula
740 3663 848 3720 autem
876 3657 947 3720 cola
974 3678 1086 3722 eorum
1114 3655 1175 3722 hoc
1197 3679 1326 3745 quoque
1347 3656 1478 3722 nomine
1499 3657 1641 3724 Davidis

185 3758 320 3848 psalmis
347 3758 465 3826 similia
493 3766 588 3841 sunt,
621 3757 709 3846 quod
736 3779 802 3823 non
831 3759 928 3823 certis
955 3757 1078 3846 pedum
1111 3759 1400 3848 rhythmorumquc
1433 3758 1572 3845 regulis,
1606 3769 1643 3825 nt

185 3871 296 3930 cetera
327 3863 397 3926 fere
429 3861 572 3926 earmina
597 3881 733 3946 graeca,
761 3858 889 3946 illigata
916 3869 1002 3926 snut.
1052 3861 1136 3928 Sunt
1163 3871 1272 3928 tamen
1298 3861 1422 3948 aliquot
1449 3861 1640 3949 particulae,
1743 3859 1744 3862 '

185 3965 335 4053 inprimis
357 3961 534 4045 clausulae,
557 3985 695 4049 quarum
717 3983 879 4046 numeros,
902 3963 1089 4030 accentibus
1113 3962 1314 4051 syllabarum
1336 3985 1523 4050 expressos,
1546 3965 1641 4030 modo

185 4064 327 4132 monitus
358 4067 420 4148 sis,
455 4085 520 4130 non
548 4066 654 4151 possis
682 4087 748 4128 non
774 4085 962 4148 agnoscere.
1011 4065 1065 4130 En
1092 4068 1264 4152 perspicua
1291 4065 1451 4153 quaedam
1480 4065 1641 4152 exempla,

184 4189 271 4256 quae
292 4170 339 4236 ita
360 4188 541 4256 proponere
562 4167 685 4252 placet,
708 4175 745 4230 ut
767 4187 918 4232 numeros
941 4168 1026 4232 notis
1049 4169 1192 4234 metricis
1215 4189 1386 4254 expressos
1409 4167 1575 4232 adiiciam:
1697 4215 1700 4219 .
1787 4209 1790 4214 -

313 4273 364 4336 καὶ
384 4272 430 4336 εἰ(
451 4273 510 4336 τὸν
532 4271 636 4336 αἰῶνα
658 4273 717 4334 τοῦ
739 4269 869 4342 αἰῶνος.

289 4374 349 4437 ιεὺ
372 4373 402 4440 εἰ
423 4373 523 4452 μόνοτ
545 4372 652 4449 ἅγιος,

314 4475 350 4542 τὺ
373 4473 403 4540 εἴ
424 4474 525 4554 μόνοι
547 4472 667 4554 κύρτοτ.

314 4577 444 4654 αἰνεῑτε,
467 4579 594 4654 παῑδετ,
618 4577 740 4655 κύριον.

312 4677 473 4757 ὑμνοῦμεν
495 4679 619 4759 πατέρα
641 4677 712 4744 υἱὸν

313 4781 365 4846 καὶ
386 4777 480 4857 ἅγιον
503 4785 628 4860 πνεῦμα
650 4778 734 4846 θεόν.
