3800 5474
343 435 409 491 tra.
427 435 459 490 ll.
491 435 535 488 llll
552 435 757 491 GENERIBUS
773 435 969 490 CARMlNUM
985 435 1351 492 ECCLESIASTlCORUM.
1484 439 1571 494 LXIX

118 581 225 645 forma
247 579 438 648 diminutivi
465 585 643 663 τροπαρῖου
671 581 857 665 utebantur,
887 583 1009 669 quippe
1036 604 1119 668 quae
1140 582 1296 648 brevitati
1317 584 1432 648 horum
1455 587 1570 650 carmi-

118 705 196 748 num
218 685 323 768 magis
346 682 592 749 accommodata
619 705 691 748 esse
718 684 894 748 videretur.
938 684 1083 748 Maxime
1106 705 1184 748 vero
1207 685 1288 750 haec
1310 685 1471 752 derivatio
1495 709 1569 750 ana-

118 783 205 870 logia
227 784 383 850 simillimi
407 783 559 849 vocabuli
581 783 689 872 idyllii
711 785 869 850 finnatur.
915 784 998 850 Nam
1019 795 1052 849 et
1066 787 1227 852 εἰδύλλιον
1251 785 1481 851 diminutivum
1505 789 1570 873 pri-

117 888 227 951 mitivi
249 887 388 950 nominis
412 886 519 952 εἴδουε
541 909 613 950 esse
628 898 730 971 patet,
747 897 780 952 et
794 887 861 967 εἴδη
885 887 1023 974 primum
1039 886 1227 951 harmoniae
1243 888 1313 951 sive
1329 889 1435 955 scalae
1451 912 1571 974 genera

117 989 199 1070 (εἴδη
215 994 271 1068 τῆ(
287 989 339 1054 διὰ
354 990 481 1070 ποιῶν)
493 988 582 1052 dicta
593 999 684 1072 sunt,
699 989 787 1052 unde
802 1011 876 1052 cum
891 988 988 1073 longa
1003 991 1148 1053 carmina
1163 987 1296 1054 Pindari
1312 990 1418 1056 modis
1435 994 1569 1064 musicis

118 1092 279 1155 instructa
301 1090 369 1171 εἴδη
390 1090 587 1168 audiissent,
608 1092 750 1156 sibillino
771 1090 886 1156 brevia
907 1092 1051 1154 cannino
1064 1090 1229 1156 Theocriti
1247 1103 1435 1177 nuncupata
1449 1114 1521 1157 esse
1536 1095 1569 1157 in

117 1193 394 1257 commentatione
417 1191 458 1254 de
480 1193 609 1255 nomine
631 1193 790 1257 εἰδυλλίου
814 1191 905 1276 (vide
927 1191 1201 1278 Verbandlungen
1225 1191 1283 1256 der
1306 1192 1568 1280 Philologenver-

116 1293 303 1378 sammlung
325 1295 358 1357 in
383 1292 424 1356 W
428 1293 572 1376 tirzburg
593 1314 621 1356 a.
641 1293 722 1357 1869
745 1294 778 1358 S.
800 1293 940 1375 49-58)
964 1294 1274 1358 demonstravimus.
1312 1296 1405 1377 Quae
1427 1319 1499 1360 oum
1523 1298 1570 1361 ita

115 1396 199 1477 sint,
222 1417 287 1458 non
310 1404 377 1476 est,
401 1395 485 1481 quod
510 1393 704 1458 Durandum
731 1395 803 1458 Rat.
827 1394 895 1459 div.
919 1395 972 1460 off.
996 1395 1055 1478 IV,
1081 1396 1141 1459 114
1163 1408 1291 1483 tropum
1313 1420 1334 1461 a
1355 1398 1568 1462 conversione

114 1497 196 1580 (ἀπὸ
224 1501 283 1563 rob
309 1498 491 1577 τρέπεεθαι)
518 1496 640 1560 dictum
668 1518 739 1560 osse
772 1506 967 1561 statuentem
999 1508 1057 1562 aut
1090 1498 1127 1561 F.
1156 1497 1310 1562 Wolfium
1346 1499 1568 1585 germanicum

116 1597 311 1663 vocabulum
334 1596 479 1662 ‘Kebre'
508 1596 727 1662 conferentem
756 1597 853 1683 longa
881 1600 1026 1664 oratione
1053 1599 1296 1684 redarguamus.
1342 1600 1392 1666 Ne
1415 1601 1568 1687 strophae
1643 1641 1646 1656 ι

11 1705 13 1714 “
114 1699 248 1786 quidem
272 1698 485 1777 vocabulum,
519 1699 668 1784 quamvis
691 1721 711 1761 a
734 1711 872 1784 cognata
895 1701 997 1786 stirpe
1025 1699 1220 1784 descendat,
1249 1724 1321 1766 curn
1345 1702 1480 1789 troparii
1503 1704 1566 1765 ori-

114 1805 192 1886 gine
214 1800 413 1866 confundere
436 1798 526 1881 licet,
552 1799 613 1864 hoc
635 1801 720 1863 enim
743 1801 783 1865 ad
807 1810 975 1866 cantorum
999 1824 1106 1881 sonos,
1130 1789 1273 1867 illud'ad
1297 1803 1477 1868 saltationis
1500 1825 1568 1867 rno-

114 1915 168 1968 tus
192 1911 329 1988 spectat.

200 2006 383 2084 Ὑποκοή.
406 2000 522 2090 'Supra
544 2027 575 2090 p.
589 2003 671 2066 XVI
694 1993 757 2067 iarn
782 2004 951 2068 docuimus
968 2005 1126 2070 Methodii
1148 2005 1310 2092 parthenii
1334 2027 1406 2070 eum
1424 2028 1566 2090 versum,

111 2127 210 2189 quem
234 2113 319 2169 totus
342 2104 460 2171 chorus
484 2106 647 2189 virginum
664 2104 804 2168 Theclae
822 2107 1021 2191 praecinenti
1046 2107 1251 2190 succinebat,
1275 2110 1421 2187 ὑπακοὴν
1444 2108 1567 2173 dietum

112 2229 196 2272 esse.
241 2207 351 2271 Latini
380 2229 453 2270 cum
482 2217 515 2270 et
543 2207 606 2292 ipsi
634 2205 717 2270 hanc
745 2207 883 2271 canendi
912 2209 1069 2273 rationem
1102 2209 1312 2295 probassent,
1346 2209 1521 2296 ephymnia
1548 2232 1568 2274 a

112 2320 184 2374 toto
206 2306 327 2398 populo
350 2319 480 2372 cantata
507 2309 715 2394 responsoria
743 2307 924 2390 vocabant,
947 2308 1033 2394 quod
1062 2309 1258 2375 vocabulum
1282 2333 1324 2374 ex
1346 2332 1463 2396 graeco
1487 2313 1566 2376 ὑπο-

111 2415 190 2489 κοῆε
223 2433 416 2496 expressum
451 2432 523 2473 esse
556 2411 620 2474 iam
648 2408 790 2474 Gerbert
823 2410 875 2473 De
903 2411 1026 2474 musica
1055 2433 1148 2475 sacra
1176 2412 1211 2495 I,
1234 2413 1274 2477 47
1304 2415 1437 2478 monuit.
1483 2413 1566 2478 Cum

110 2523 221 2576 alitem
250 2509 337 2575 haud
365 2532 437 2576 raro
465 2512 639 2576 universus
668 2510 805 2597 populus
835 2511 969 2597 psalmi,
999 2534 1094 2598 quern
1122 2523 1373 2601 apraecantore
1401 2513 1566 2579 modulato

111 2614 356 2700 pronuntiatum
385 2623 570 2699 acceperat,
599 2613 703 2698 ipsam
733 2611 911 2676 clausulam
933 2611 1085 2696 referret,
1124 2614 1287 2678 Eusebius
1317 2617 1350 2678 in
1380 2614 1456 2679 hist.
1487 2614 1564 2680 ecel.

111 2715 164 2796 11,
191 2715 228 2779 17
257 2715 462 2798 responsoria
489 2712 547 2776 illa
574 2715 800 2794 ἀκροτελεύτιο
828 2715 1023 2778 nominavit:
1057 2716 1132 2782 ἑνὸε
1163 2719 1243 2796 μετὰ
1276 2718 1397 2797 ῥυθμοῦ
1432 2717 1565 2795 resultus

111 2818 353 2896 ἐπιψάλλοντοε
375 2817 407 2880 οἱ
430 2817 539 2880 λοιποὶ
566 2819 639 2881 καθ’
660 2815 792 2895 ἡεοχίαν
820 2816 1020 2896 ἀκροώμενοι
1042 2822 1108 2882 τῶν
1132 2818 1242 2899 ὕμνων
1272 2820 1312 2883 τὰ
1341 2818 1565 2897 ἀκροτελεύτια

110 2922 272 2999 ἐξηχοῦει·
303 2918 414 2982 confer
435 2917 546 2984 Coust.
568 2927 672 3002 apost.
697 2917 742 2999 ll,
765 2918 821 2980 bl:
858 2919 967 2996 ἕτερόε
989 2939 1035 2982 uc
1056 2924 1114 2983 τοῦ
1136 2921 1240 2999 Δαβὶδ
1268 2922 1421 2999 ψαλλέτω
1445 2921 1565 2998 ὕμνου(

110 3023 162 3085 καὶ
184 3021 203 3084 δ
227 3021 306 3084 lade
328 3022 367 3084 τὰ
389 3018 570 3099 ἀκροετίχια
598 3019 826 3098 troparium.
872 3017 986 3104 Neque
1014 3019 1190 3105 quidquam
1219 3019 1280 3083 hoc
1307 3029 1404 3085 cantu
1433 3043 1564 3108 respon·

110 3123 198 3186 sorio
222 3121 421 3206 frequentius
444 3120 680 3206 antiquissimis
704 3119 903 3205 temporibus
926 3120 1004 3198 fuit,
1034 3142 1097 3206 quo
1121 3121 1271 3186 instituto
1295 3131 1327 3185 et
1348 3144 1389 3186 ue
1413 3123 1563 3188 homines

109 3221 208 3286 rudes
240 3221 441 3308 canendique
469 3222 612 3309 imperiti
640 3220 752 3285 turbas
775 3231 944 3285 moverent
966 3232 999 3282 et
1020 3245 1060 3286 ne
1083 3223 1194 3308 populi
1219 3221 1402 3310 frequentia
1423 3246 1443 3286 a
1465 3235 1563 3288 cantu

110 3346 243 3411 prorsus
277 3322 409 3387 exclusa
441 3343 512 3387 esse
546 3322 723 3405 videretur,
757 3331 924 3386 caverunt.
968 3321 1078 3386 Medio
1109 3345 1238 3410 quoque
1267 3345 1348 3388 aevo
1378 3346 1398 3388 a
1427 3323 1563 3388 Graecis

109 3428 197 3490 huno
220 3447 339 3490 morem
364 3436 527 3489 servatum
551 3447 621 3488 esse
644 3446 717 3487 cum
739 3425 803 3488 alia
824 3433 893 3488 tum
909 3423 1130 3510 Tropologion
1153 3423 1275 3488 codicis
1300 3425 1484 3488 Corsiniani
1507 3425 1563 3489 de-

108 3537 284 3610 monstrat;
309 3525 530 3614 compluribus
554 3528 640 3589 enim
664 3525 849 3612 ephymniis
872 3527 904 3587 in
923 3525 1012 3588 calce
1027 3525 1116 3589 illius
1131 3524 1254 3590 codicis
1270 3524 1415 3589 collectis
1432 3526 1562 3589 titulum

108 3629 311 3710 ετιχολογίαν
333 3634 389 3707 τῆς
412 3631 555 3707 ὑπακοῆε
577 3628 758 3714 praelixam
774 3648 844 3690 esse
862 3625 952 3690 Pitra
966 3627 1148 3713 Hymnogr.
1160 3651 1192 3714 p.
1204 3628 1247 3691 50
1263 3637 1411 3692 testatur.
1443 3626 1563 3692 Nostra

106 3741 218 3796 autem
248 3731 417 3812 memoria,
446 3739 483 3794 ut
509 3739 622 3792 cantus
650 3728 848 3812 responsorii
876 3729 958 3792 ratio
987 3726 1165 3811 obsolevit,
1198 3731 1244 3794 ita
1272 3751 1390 3794 nomen
1418 3730 1562 3810 ὑπακοῆε

107 3841 274 3896 servatum
298 3840 358 3896 est.
403 3832 546 3910 Ὑποκοή
570 3831 654 3894 euim
677 3852 763 3894 nunc
785 3830 961 3916 troparium
985 3829 1117 3912 dicitur,
1146 3829 1233 3916 quod
1261 3833 1295 3896 in
1317 3831 1435 3896 officiis
1457 3841 1561 3896 matu-

106 3935 189 3998 tinis
217 3945 290 4019 post
317 3931 477 4020 psalmum
496 3932 651 3997 exvlrl
674 3932 833 4012 Μακάριοι
856 3932 887 3996 οἱ
909 3931 1033 4010 ἄμωμοι
1061 3935 1166 4018 magis
1189 3934 1343 3998 recitatur
1365 3954 1462 4018 quam
1485 3955 1561 3996 can-

106 4046 213 4116 tatur3
243 4047 410 4121 praeterea
438 4032 519 4099 illud
547 4054 675 4120 quoque
702 4034 898 4119 troparium,
926 4033 1013 4119 quod
1043 4044 1116 4120 post
1144 4036 1272 4099 tertiam
1301 4033 1398 4098 odam
1427 4034 1560 4098 canonis

106 4147 275 4201 cantatum
307 4136 403 4221 vulgo
432 4137 563 4216 κάθιεμα
590 4134 721 4217 dicitur,
744 4135 798 4198 hio
820 4133 888 4199 illic
910 4136 1034 4215 ὑπακοὴ
1057 4147 1277 4221 nuncupatur,
1300 4147 1337 4199 ut
1359 4136 1391 4198 in
1415 4135 1583 4222 Menaeis·

105 4239 184 4303 Iun.
207 4261 239 4323 p.
265 4239 333 4318 108,
356 4239 413 4302 ubi
435 4237 675 4302 recentissimus
699 4235 804 4301 editor
826 4234 939 4300 Barth.
963 4235 1230 4314 Cutlumusianus
1252 4237 1400 4300 adnotat:
1437 4237 1559 4307 Ἰετέον,

105 4343 167 4417 ὅτι,
191 4339 246 4404 ὅτε
275 4343 399 4416 λέγεται
427 4340 567 4418 ὑπακοὴ,
598 4341 727 4417 stercus
749 4340 790 4403 οὐ
813 4339 945 4415 λέγεται.
990 4338 1100 4424 Atque
1128 4340 1199 4423 ipso
1221 4336 1283 4400 hoe
1307 4335 1463 4401 vocabulo
1486 4359 1559 4422 pro—

106 4439 219 4506 babile
242 4441 278 4504 fit
300 4463 369 4505 reru
392 4442 439 4505 ita
459 4441 641 4526 antiquitus
664 4440 848 4505 institutam
870 4439 987 4519 luisse,
1011 4447 1049 4502 ut
1063 4436 1179 4524 psalmi
1201 4437 1234 4503 et
1255 4439 1383 4502 cantica
1404 4458 1496 4500 saera
1516 4439 1559 4502 ab

104 4565 172 4607 uno
196 4553 419 4628 praecentore,
444 4543 589 4628 troparia
610 4537 652 4605 ab
674 4543 827 4607 universo
850 4540 980 4628 populo,
1004 4539 1208 4625 praecentori
1223 4539 1317 4626 quasi
1332 4535 1559 4626 respondente,

103 4637 329 4710 cantarentur.
381 4643 444 4710 Sed
473 4646 569 4708 rebus
597 4645 730 4709 mutatis
758 4648 899 4728 genuina
927 4663 1055 4728 quoque
1086 4641 1282 4726 significatio
1311 4641 1449 4704 nominis
1476 4638 1558 4704 adeo

104 4746 282 4810 obscurata
309 4755 375 4828 cst,
403 4757 440 4809 ut
467 4747 501 4811 in
529 4769 566 4811 eo
594 4744 789 4832 explicando
818 4745 908 4810 Goar
931 4742 1066 4809 Euehol.
1091 4767 1122 4830 p.
1144 4744 1186 4808 46
1209 4743 1242 4806 in
1271 4743 1379 4808 omnia
1404 4741 1480 4806 avia
1501 4741 1558 4807 ab·

103 4857 242 4912 erraret.
