3800 5474
238 301 244 312 '
309 331 396 386 muv
891 329 1174 384 rnonsuouuul.

310 497 439 563 quoque
461 486 494 541 et
515 476 605 540 modi
629 476 760 556 musici,
785 497 857 539 cunr
880 484 1027 539 veterum
1051 474 1251 540 canticorum
1274 474 1464 538 discrimina
1487 497 1564 561 pree
1587 475 1765 558 scierant,
1882 527 1883 542 .

310 581 343 642 in
371 579 475 643 tribus
504 576 628 642 ultimis
656 575 727 641 odis
755 575 796 640 ad
826 575 947 640 effusae
975 574 1118 642 laetitiae
1147 573 1282 640 iubilum
1310 597 1482 661 assurgere
1509 574 1626 642 solent.
1671 577 1765 640 Post·
1882 601 1883 610 ¹

310 702 406 765 quam
436 691 542 744 autem
571 699 715 743 conexus
743 697 861 743 novem
884 678 1019 742 odarum
1042 677 1174 742 canonis
1198 685 1230 740 et
1251 699 1369 742 novem
1393 687 1539 742 veterum
1563 679 1765 742 canticorum
1882 753 1883 762 ἵ

309 779 478 846 obliterari
500 789 632 867 coeptus
655 788 721 860 est,
745 781 778 842 in
793 779 893 843 rebus
908 800 1036 865 quoque
1050 776 1279 864 praedicandis
1302 787 1399 865 atque
1421 778 1625 844 illustrandis
1647 790 1767 865 poetae

310 893 417 948 arctos
441 881 513 946 illos
536 883 616 946 fines
640 881 751 966 egredi
779 881 851 945 ausi
875 889 966 961 sunt,
993 879 1028 942 id
1051 880 1137 966 quod
1161 901 1202 944 ex
1225 879 1446 966 Theophanis,
1470 880 1618 968 losephi,
1641 879 1765 946 Metro·

212 1069 217 1078 ι
282 1065 285 1073 1
310 985 425 1072 phanis
448 983 628 1048 canonibus
650 983 824 1047 manifesto
847 990 992 1068 apparet.

366 1087 521 1160 ¹Novem
549 1107 622 1148 cum
649 1084 776 1149 cantica
803 1105 896 1148 saera
924 1083 1006 1166 sint,
1033 1103 1149 1148 novem
1179 1105 1306 1169 quoque
1334 1083 1413 1148 odas
1443 1086 1600 1170 cuiusque
1627 1084 1765 1149 canonis

309 1197 554 1273 exspectamus,
583 1185 642 1250 sed
670 1184 747 1250 lieet
772 1183 889 1249 ultima
910 1182 974 1248 oda
995 1205 1155 1270 nusquam
1179 1207 1243 1248 non
1265 1206 1350 1251 nona
1371 1184 1502 1265 audiat,
1533 1195 1644 1249 tamen
1666 1185 1764 1269 longe

308 1289 438 1377 plurimi
453 1309 591 1354 meones
608 1310 650 1352 ex
665 1297 754 1370 octo,
778 1307 842 1351 non
858 1307 977 1352 novem
999 1284 1070 1350 odis
1093 1286 1139 1350 ita
1162 1295 1327 1367 constant,
1351 1295 1386 1350 ut
1408 1284 1553 1350 secunda
1574 1285 1640 1350 oda
1660 1287 1762 1351 inter-

308 1391 436 1456 ciderit.
481 1390 606 1455 Novem
639 1390 725 1453 enim
758 1387 841 1453 odae
873 1388 986 1474 paucis
1014 1387 1192 1452 canonibus
1222 1397 1313 1469 sunt,
1346 1395 1383 1452 ut
1410 1386 1564 1452 Andreae
1593 1387 1762 1452 Cretensis

308 1515 427 1578 magno
450 1494 569 1558 canoni
583 1490 675 1576 (vide
691 1515 721 1577 p.
742 1490 827 1571 reat,
850 1487 984 1574 Iosephi
1007 1487 1187 1552 canonibus
1210 1493 1447 1555 κατανυκτικοῑι
1469 1498 1502 1554 et
1524 1489 1761 1568 trocronrotc,

309 1595 449 1680 denique
477 1592 614 1659 duobus'
634 1592 815 1658 canonibus
837 1591 880 1654 ab
902 1593 990 1674 Ang.
1014 1588 1101 1653 Maio
1124 1589 1212 1675 Spie.
1236 1590 1328 1654 Rom.
1352 1587 1412 1672 IV,
1439 1589 1573 1654 181-4
1600 1589 1698 1656 editis
1728 1600 1761 1653 et

309 1695 392 1760 falso
409 1695 452 1760 ad
467 1694 687 1780 Sophronium
710 1702 873 1758 auctorem
898 1689 1017 1756 relatis.
1054 1690 1228 1755 Praeterea
1244 1712 1309 1757 non
1332 1711 1508 1777 numquam
1530 1691 1652 1758 factum
1676 1712 1759 1772 esse,

309 1807 346 1863 ut
368 1797 511 1863 secunda
533 1796 596 1860 oda
617 1795 660 1859 ab
682 1793 825 1858 librariis
854 1793 1041 1873 dilueretur,
1073 1813 1114 1856 ex
1142 1789 1261 1856 illustri
1288 1791 1438 1878 exemplo
1466 1791 1596 1879 Iosephi
1625 1793 1759 1857 canonis

309 1900 351 1964 de
373 1907 591 1964 terraemotu
613 1921 645 1983 p.
661 1895 724 1959 242
746 1893 862 1960 elucet.
907 1894 1035 1958 Literas
1059 1893 1144 1956 enim
1167 1892 1311 1958 initiales
1334 1894 1548 1978 tropariorum
1571 1894 1598 1958 si
1619 1892 1759 1979 college·

309 2003 371 2084 ris,
394 1997 620 2064 acrostichidis
643 1997 684 2062 Ὠ
707 1998 816 2079 >tertre
838 2001 894 2075 τῆ(
915 1999 974 2076 γῆς
995 1996 1054 2061 τὸν
1076 1995 1196 2062 κλόνον
1218 1990 1342 2061 παῦιον
1363 1995 1474 2076 τάχος,
1497 1995 1612 2077 Ἰωεήφ
1633 2005 1757 2081 partem

310 2102 427 2167 lacuna
452 2103 499 2166 ita
525 2098 673 2164 haustam
704 2120 775 2162 esse
803 2095 990 2181 intelleges,
1018 2105 1054 2161 ut
1082 2094 1228 2182 syllabae
1250 2115 1285 2162 τε
1307 2117 1344 2175 τη
1367 2094 1603 2162 desiderentur.
1648 2098 1757 2184 Atque

310 2205 414 2270 eiecta
435 2202 498 2266 oda
520 2199 662 2266 secunda
684 2199 768 2264 hanc
791 2197 937 2264 lacunam
960 2207 1066 2263 ortam
1088 2219 1175 2279 esse,
1198 2219 1308 2279 nemo,
1331 2198 1461 2282 opinor,
1490 2196 1586 2262 modo
1615 2201 1756 2264 monitus

308 2308 367 2388 sit,
391 2304 511 2370 infitias
534 2303 612 2384 ibit,
636 2301 694 2366 sed
717 2323 780 2387 quo
803 2299 884 2363 illud
907 2309 1052 2386 tempore
1073 2299 1197 2366 sautum
1220 2307 1322 2380 esset,
1346 2297 1496 2384 equidem
1511 2300 1659 2366 codicum
1682 2303 1755 2365 sub-

308 2406 401 2471 sidiis
425 2406 602 2470 destitutus
626 2403 761 2468 definire
783 2423 847 2466 non
870 2401 969 2487 potui.
1016 2399 1064 2462 Ne
1086 2399 1148 2466 hoc
1170 2400 1302 2487 quidem
1325 2398 1527 2486 exploratum
1552 2411 1616 2482 est,
1647 2411 1755 2466 utrum

307 2508 514 2574 librariorum
552 2505 687 2572 arbitrio
727 2502 894 2588 vulgarem
927 2503 1064 2567 formam
1098 2502 1231 2567 canonis
1267 2500 1508 2583 revocantium,
1542 2523 1584 2566 an
1616 2502 1756 2568 obseura

308 2609 449 2697 quadarn
472 2631 571 2674 causa
591 2605 734 2672 secunda
761 2604 825 2668 oda
846 2604 976 2669 abiecta
998 2605 1051 2668 sit.
1100 2604 1213 2668 Habeo
1236 2603 1321 2667 enim
1343 2601 1558 2686 suspitionem
1580 2607 1753 2690 quandam,

307 2735 403 2798 quarn
428 2711 570 2774 virorum
594 2709 764 2773 doctorum
787 2705 907 2776 iudicio
930 2727 1119 2793 proponam.
1156 2702 1485 2792 Canonillelosephi
1502 2714 1753 2790 terraemotum,

308 2835 370 2899 quo
393 2813 517 2877 Leonte
539 2810 684 2876 Isaurico
706 2793 784 2894 rege
806 2809 882 2876 anni
904 2809 968 2872 740
990 2809 1108 2872 mensis
1132 2806 1284 2872 Octobris
1307 2805 1360 2870 die
1384 2805 1502 2869 XXVI
1526 2805 1753 2872 Constantino-

307 2914 390 3000 polis
407 2913 485 2978 urbs
499 2913 707 2977 vehementer
724 2927 883 2976 concussa
904 2918 969 2986 est,
993 2909 1026 2972 in
1042 2908 1227 2971 memoriam
1240 2927 1395 2972 revocare
1410 2906 1529 2988 fertur3
1552 2928 1624 2973 curn
1646 2919 1755 2973 autem

307 3014 465 3102 I'osephus
488 3026 626 3100 uterque
648 3012 758 3104 multis
780 3011 874 3076 annis
896 3019 971 3093 post
987 3009 1100 3074 florere
1122 3010 1299 3095 coepisset,
1322 3007 1413 3072 illum
1437 3029 1591 3072 canonem
1614 3010 1756 3096 primum

231 3143 232 3148 ¹
305 3117 406 3182 alium
420 3124 664 3182 terraemotum
679 3112 843 3178 indicasse
859 3120 890 3176 et
906 3119 1018 3197 postea
1033 3110 1075 3174 ad
1091 3109 1339 3175 celeberrimum
1354 3107 1445 3174 illurn
1469 3118 1591 3174 motum
1614 3109 1756 3175 relatum

307 3241 379 3284 esse
401 3217 472 3283 veri
494 3215 600 3281 simile
621 3226 681 3280 est.
720 3213 786 3276 Fae
809 3213 899 3276 illum
921 3222 1044 3278 motum
1067 3222 1212 3295 tempore
1233 3215 1289 3291 τῆ(
1311 3213 1564 3292 Ῐεειαρακοιτῆε
1586 3211 1756 3294 accidisse,

306 3330 339 3385 et
359 3319 511 3383 idoneam
532 3338 664 3382 causam
687 3313 840 3395 habebis,
863 3336 921 3379 cur
937 3313 1078 3378 secunda
1092 3311 1156 3376 oda
1170 3314 1309 3398 primum
1325 3312 1438 3378 addita
1453 3322 1486 3378 et
1501 3321 1615 3400 postea
1630 3336 1755 3379 canone

305 3423 348 3487 ad
370 3419 459 3486 aliud
482 3429 611 3508 tempus
633 3415 791 3485 translato
812 3415 930 3480 omissa
951 3414 1003 3478 sit.

390 3522 455 3588 Sed
483 3532 520 3586 ut
546 3521 642 3586 huius
670 3519 805 3585 canonis
832 3514 966 3603 Iosephi
993 3525 1027 3582 et
1054 3518 1191 3581 fortasse
1219 3514 1356 3610 aliorum
1378 3515 1583 3602 quorundam
1612 3518 1755 3582 secunda

305 3624 441 3711 stropha
462 3644 527 3687 non
548 3644 569 3685 a·
590 3631 701 3708 poeta,
731 3620 788 3684 sed
810 3641 831 3682 a
852 3619 986 3684 librario
1008 3619 1127 3682 omissa
1148 3621 1207 3699 sit,
1241 3616 1373 3704 plurimi
1396 3627 1504 3682 tamen
1527 3627 1559 3682 et
1580 3616 1754 3684 clarissimi

305 3743 445 3790 canones
468 3721 611 3788 secunda
632 3721 696 3787 eda
718 3729 840 3802 carent,
863 3731 895 3785 et
917 3741 1044 3806 semper
1066 3722 1210 3786 caruisse
1232 3722 1305 3806 ipsa
1326 3718 1542 3784 acrostichide
1564 3717 1754 3805 probantur.

306 3826 448 3890 Causam
475 3824 571 3888 huius
594 3824 641 3888 rei
663 3823 810 3888 Zonaras
832 3822 960 3886 utristi
989 3831 1104 3886 natura
1126 3818 1262 3887 secundi
1285 3821 1402 3885 cantici
1426 3821 1528 3899 sacri,
1556 3843 1621 3906 qua
1643 3820 1754 3900 Moses

305 3925 530 3992 israelitarum
559 3925 760 4010 impietatem
782 3933 814 3988 et
836 3923 1059 4008 impotentiam
1087 3923 1247 4009 increpat,
1276 3923 1391 3986 merito
1419 3923 1589 4008 repetiisse
1612 3922 1753 3988 videtur.

305 4029 433 4094 Harum
461 4027 546 4092 enim
574 4024 829 4092 admonitionum
853 4035 885 4091 et
908 4027 1065 4090 minarum
1091 4025 1252 4104 ¹severitas
1280 4032 1316 4088 ut
1338 4045 1358 4088 a
1381 4023 1514 4089 tristitia
1535 4032 1568 4088 et
1589 4025 1755 4108 gravitate

305 4153 466 4196 canonum
487 4133 543 4208 tric
565 4129 811 4208 Τεεεερακοετῆ(
838 4149 903 4192 ιιοιι
931 4125 1039 4191 aliena
1065 4136 1152 4210 erat,
1180 4127 1227 4190 ita
1249 4147 1269 4190 e
1289 4124 1416 4214 laetitia
1438 4134 1470 4190 et
1492 4123 1656 4190 hilaritate
1678 4124 1753 4189 reli-

305 4253 441 4317 quarum
463 4228 706 4296 solemnitatum
729 4228 885 4294 ecclesiae
908 4250 1005 4314 quam
1028 4227 1167 4292 maxime
1189 4226 1396 4315 abhorrebat.

390 4332 464 4414 Quo
491 4335 636 4419 tempore
663 4331 745 4396 haee
770 4351 930 4396 canonum
952 4329 1060 4417 poesie
1083 4328 1227 4394 floruerit
1249 4329 1359 4413 etqui
1382 4327 1479 4415 primi
1502 4349 1642 4393 canones
1665 4349 1752 4393 corn-

305 4437 451 4522 posuisse
473 4442 506 4498 et
526 4431 721 4519 dignitatem
743 4431 838 4497 huius
861 4430 1029 4496 literarum
1050 4432 1179 4516 generis
1195 4429 1328 4496 auxisse
1343 4428 1499 4511 ferantur,
1515 4429 1580 4494 iam
1595 4431 1629 4494 in
1644 4431 1754 4517 priore

304 4537 388 4602 libro
411 4536 633 4622 exposuimus.
671 4531 845 4620 Reliquum
867 4534 968 4617 igitur
990 4540 1056 4614 est,
1080 4541 1205 4596 utrem
1227 4531 1508 4612 obscurissimam,
1532 4532 1695 4616 originem
1717 4543 1752 4595 et

303 4640 441 4723 primum
476 4635 746 4720 significationem
780 4635 920 4698 nominis
951 4635 1144 4720 aperiamus.
1189 4636 1300 4718 Atque
1329 4633 1473 4698 Zonaras
1501 4632 1633 4718 quidem
1669 4633 1752 4698 hanc

304 4740 525 4824 quaestionem
549 4737 632 4802 bene
658 4740 705 4802 ita
733 4736 889 4815 instituit,
917 4745 954 4799 ut
975 4735 1015 4798 ad
1040 4736 1157 4820 poetici
1181 4736 1313 4799 curionis
1337 4735 1401 4798 vim
1425 4734 1653 4821 explicandam
1676 4733 1750 4798 reli-
