3800 5474
267 361 305 416 IV
880 360 1091 415 PRAEFATIO.

263 529 396 572 numero
419 507 619 594 syllabarum
642 515 674 571 et
695 516 887 572 accentuum
911 515 1068 572 concentu
1091 506 1241 586 definita,
1269 504 1390 571 clarius
1417 527 1575 592 apparere
1602 527 1714 593 eoepe-

263 618 349 673 runt.
392 609 472 674 Inde
500 609 533 672 in
562 630 633 672 meo
663 607 841 693 exemplari
865 607 1013 672 Danielis
1035 606 1195 672 Thesauri
1223 606 1444 694 hymnologici
1472 609 1584 672 turbas
1612 630 1715 672 remo-

263 732 340 775 vere
363 710 507 796 odasque
530 731 605 775 suos
628 710 663 774 in
686 709 866 774 versiculos
889 709 1034 774 dividere
1057 710 1208 789 conabar,
1229 731 1303 773 cum
1325 707 1414 774 felici
1436 731 1514 774 casu
1536 710 1717 776 tentamina

263 833 335 875 mea
369 811 496 878 duabus
532 812 572 875 de
606 811 754 897 partibus
787 810 918 895 egregie
950 820 1099 895 promota
1130 820 1217 875 sunt.
1268 810 1377 896 Atque
1410 811 1550 896 primum
1583 810 1715 896 quidem

262 912 455 998 Haneberg,
487 911 769 976 reverentissimus
799 912 948 978 coenobii
978 911 1227 982 Benedictorum
1256 911 1461 976 Monacensis
1491 913 1643 992 antistes,
1675 913 1715 976 de

262 1012 394 1078 Pindari
428 1013 571 1100 periodis
605 1013 839 1101 versiculisque
866 1015 899 1077 in
927 1013 1096 1080 academia
1128 1024 1241 1078 nostra
1270 1034 1321 1077 me
1354 1012 1567 1086 disserentem
1600 1013 1715 1078 similis

261 1117 340 1180 artis
368 1119 579 1197 commonuit,
610 1137 674 1202 qua
703 1116 954 1202 byzantinorum
978 1104 1146 1200 poetarum
1169 1116 1290 1180 hirmos
1314 1124 1346 1178 et
1368 1115 1514 1201 troparia
1535 1117 1716 1200 composita

260 1239 333 1282 esse
354 1219 406 1282 vir
428 1217 636 1282 doctissimus
660 1217 690 1282 J.
715 1217 753 1281 Β.
778 1217 869 1282 Pitra
890 1217 924 1280 in
947 1216 1030 1280 libro
1054 1216 1094 1280 de
1116 1214 1378 1303 hymnographia
1400 1216 1555 1280 ecclesiae
1577 1238 1714 1301 graecae

260 1341 364 1405 nuper
385 1320 650 1384 demonstrasset.
696 1319 858 1384 Continuo
882 1317 1002 1382 librum
1025 1339 1046 1382 a
1067 1317 1193 1402 collega
1214 1317 1447 1382 humanissimo
1470 1319 1548 1382 mihi
1575 1340 1713 1383 commo·

261 1419 372 1485 datum
395 1430 618 1507 perscrutatus
641 1443 715 1486 euin
739 1442 864 1484 summo
880 1419 999 1504 gaudio
1015 1417 1181 1501 intellexi,
1204 1418 1338 1485 lineolae
1354 1442 1375 1483 a
1389 1441 1440 1483 me
1456 1419 1497 1484 ad
1514 1419 1713 1506 separandos

260 1521 439 1586 versiculos
467 1524 591 1608 positas
621 1544 685 1586 non
713 1521 808 1586 modo
838 1522 1034 1587 auctoritate
1062 1519 1123 1584 viri
1153 1518 1333 1584 litterarum
1356 1521 1606 1607 byzantinarum
1629 1523 1713 1586 inter

261 1646 382 1709 paucos
410 1625 508 1710 periti
536 1625 593 1688 sed
623 1625 735 1704 etiam,
769 1623 801 1687 id
836 1622 923 1710 quod
952 1621 1054 1687 multo
1082 1621 1154 1707 plus
1183 1621 1287 1702 valet,
1320 1622 1384 1688 fide
1418 1623 1711 1688 vetustissimarum

260 1727 521 1790 membranarum
544 1726 747 1812 comprobari
775 1735 873 1810 atque
899 1724 1101 1806 confirmari,
1139 1745 1213 1788 cum
1236 1724 1378 1788 enimin
1401 1724 1467 1789 illis
1490 1724 1620 1808 singula
1641 1723 1713 1789 cola

259 1828 389 1910 punctis
423 1827 578 1892 distincta
610 1836 733 1908 essent,
771 1827 835 1892 iam
867 1836 956 1892 certo
979 1836 1023 1908 ‚et
1054 1827 1265 1912 comprobato
1297 1825 1509 1892 fundamento
1541 1827 1713 1910 indagatio

261 1950 471 1994 numerorum
493 1927 553 1993 niti
576 1929 761 1998 videbatur.
806 1928 947 1993 Tantum
970 1937 1078 1991 autem
1102 1926 1232 2009 aberat,
1254 1937 1291 1994 ut
1313 1926 1419 2010 Pitra,
1449 1929 1599 2014 quamvis
1622 1924 1712 2012 egre·

185 2103 188 2110 .
258 2029 322 2113 giis
338 2030 493 2094 subsidiis
509 2029 641 2095 adiutus
655 2041 752 2113 esset,
769 2037 870 2094 artem
887 2037 1056 2114 poetarum
1079 2027 1372 2094 ecclesiasticorum
1395 2027 1492 2115 plane
1514 2029 1713 2117 perspiceret

260 2141 296 2195 ut
312 2130 390 2195 mihi
413 2131 479 2195 iam
502 2139 578 2195 ante
600 2131 718 2195 librum
742 2132 812 2196 eius
827 2129 1005 2217 perlectum
1021 2139 1129 2196 certae
1144 2128 1314 2195 cuiusdam
1337 2130 1383 2194 rei
1406 2133 1548 2217 suspicio
1570 2131 1713 2195 subnata

206 2273 208 2276 -
259 2242 363 2314 esset,
386 2255 483 2319 quam
507 2232 615 2296 virum
637 2233 860 2298 doctissimum
883 2233 1008 2316 fugisse
1030 2253 1094 2296 non
1121 2254 1255 2318 possum
1277 2253 1341 2297 non
1364 2216 1487 2298 mirariss
1531 2232 1592 2297 llle
1614 2233 1711 2313 enim,

259 2357 333 2399 eum
356 2332 498 2420 strophis
521 2355 697 2422 eorumque
719 2334 798 2399 colis
821 2354 864 2397 ex
885 2333 1032 2398 codicum
1055 2332 1120 2397 fide
1142 2334 1257 2398 divisis
1286 2333 1482 2415 versiculos,
1513 2335 1625 2420 quiin
1648 2335 1711 2398 sin·

253 2437 344 2520 gulis
369 2436 510 2522 strophis
540 2435 603 2501 sibi
630 2437 771 2501 invicem
798 2434 1048 2522 responderent,
1078 2437 1149 2520 pari
1177 2433 1380 2521 syllabarum
1407 2457 1541 2500 numero
1564 2448 1712 2500 constare

259 2546 346 2602 recte
368 2535 602 2618 intellexisset,
631 2560 697 2603 una
724 2539 851 2602 numeri
879 2535 1080 2624 syllabarum
1109 2535 1180 2621 lege
1203 2546 1305 2601 artem
1327 2537 1579 2621 byzantinorum
1601 2547 1711 2624 poeta-

260 2660 331 2702 rum
353 2641 494 2704 coerceri
518 2638 687 2704 iudicavit.
731 2639 804 2704 Hoc
826 2661 898 2703 curn
922 2659 1027 2724 neque
1049 2660 1108 2724 per
1124 2639 1280 2724 seipsum
1302 2638 1470 2723 probabile
1492 2660 1564 2703 esse
1586 2640 1711 2704 videre-

259 2750 313 2804 tur
334 2761 441 2830 neque
463 2740 615 2826 analogia
637 2741 830 2827 hymnorum
853 2739 1029 2805 latinorum
1045 2739 1337 2821 commendaretur,
1360 2750 1428 2806 tum
1451 2763 1493 2806 ex
1514 2740 1710 2825 comparatis

260 2840 310 2906 his
332 2853 405 2907 octo
428 2843 577 2907 versibus
601 2842 663 2906 sibi
686 2843 959 2929 respondentibus
982 2841 1085 2928 (apud
1110 2842 1233 2906 Pitram
1256 2865 1287 2928 p.
1312 2841 1467 2906 XXXIV
1489 2851 1522 2907 et
1543 2843 1578 2906 in
1600 2853 1712 2907 nostra

260 2943 402 3008 editione
425 2967 454 3029 p.
475 2943 552 3028 239)

260 3083 437 3159 προτυπῶν
460 3081 517 3158 τὴν
539 3081 645 3160 ταφὴν
667 3082 725 3160 τὴν
748 3081 926 3160 τριήμερον.
996 3081 1062 3158 Τὴν
1084 3081 1199 3170 φωνὴν
1224 3081 1355 3161 Γαβριὴλ
1377 3082 1436 3160 τὴν
1458 3082 1669 3160 χαρμόευνον.

260 3180 453 3260 παραδόξως
475 3181 646 3262 ὑπέμεινα(
669 3181 855 3261 trudamur.
997 3181 1017 3260 ἡ
1040 3183 1137 3261 χαρὰ,
1160 3185 1339 3260 θεομῆτορ,
1361 3182 1380 3260 ἡ
1404 3183 1523 3247 ἔνθεος.

260 3289 298 3366 τῇ
320 3287 385 3347 τῶν
408 3283 542 3349 Ζώντων
565 3287 631 3367 ἰωῇ
655 3283 950 3363 soloccumberet.
999 3283 1044 3348 δι’
1067 3282 1146 3360 ἐμοῦ
1168 3283 1382 3361 καταργείαθω
1404 3284 1584 3364 κατάκριμα.

259 3385 318 3449 τὸν
341 3384 508 3463 δεεπότην,
530 3384 713 3466 παμμάκαρ,
735 3387 791 3464 τῆ(
813 3383 951 3449 micenis.
1000 3383 1019 3448 ὁ
1042 3385 1117 3449 θεὸς
1139 3385 1279 3465 Ἀβραὰμ
1300 3389 1346 3468 τῷ
1368 3385 1559 3464 προπάτορι.

260 3554 342 3619 satis
370 3561 457 3617 certe
486 3552 605 3618 falsum
633 3575 705 3618 esse
733 3554 933 3639 coarguitur.
975 3552 1064 3616 Luce
1092 3553 1178 3616 enim
1205 3552 1324 3618 elarius
1353 3563 1418 3637 est,
1446 3576 1510 3619 non
1537 3554 1622 3620 forte
1646 3556 1711 3620 for-

260 3664 342 3719 tuna
369 3654 543 3734 accidisse,
573 3655 629 3720 sed
651 3679 671 3720 a
693 3664 791 3741 poeta
813 3656 891 3720 data
913 3675 1013 3740 opera
1034 3653 1202 3740 provisum
1225 3676 1311 3737 esse,
1341 3665 1377 3719 ut
1403 3677 1444 3747 ne
1473 3659 1616 3722 omnium
1639 3668 1710 3722 octo

262 3777 417 3821 versuum
439 3753 554 3838 te'rtia,
584 3765 695 3840 sexta,
724 3779 811 3821 nona
832 3777 980 3843 quaeque
1004 3753 1132 3840 syllaba
1153 3763 1288 3820 accentu
1310 3767 1447 3824 careret.
1494 3758 1545 3823 En
1567 3759 1711 3844 praecla-

261 3879 333 3921 rum
355 3857 591 3939 adiumentum,
614 3859 702 3944 quod
723 3859 785 3923 hac
807 3882 842 3923 re
864 3866 1017 3943 percepta
1037 3857 1200 3922 lucramur
1215 3858 1256 3928 ad
1272 3870 1375 3924 artem
1397 3870 1565 3946 poetarum
1588 3861 1710 3946 byzan-

261 3961 403 4023 tinorum
426 3959 662 4024 aestimandam
685 3969 718 4024 et
739 3960 782 4025 ad
804 3959 891 4024 locos
913 3969 1083 4046 corruptos
1105 3958 1158 4024 vel
1180 3957 1350 4026 lacunosos
1377 3961 1604 4027 restituendos.
1648 3963 1710 4026 Ac·

260 4069 414 4126 cantuum
435 4061 521 4124 enim
536 4083 578 4125 ex
593 4071 752 4126 concentu
766 4059 920 4144 colligere
941 4063 1061 4146 possis,
1085 4071 1194 4126 utrum
1216 4062 1369 4127 carminis
1391 4064 1514 4129 numeri
1537 4073 1713 4148 assurgant

262 4185 303 4227 an
326 4162 540 4243 descendant,
564 4172 673 4227 utrum
696 4163 807 4226 sedate
828 4161 981 4227 incedant
996 4185 1037 4228 an
1053 4161 1208 4227 velociter
1229 4165 1413 4250 rapiantur;
1437 4164 1576 4252 denique
1598 4165 1710 4252 rhyth-

261 4285 364 4344 mum,
386 4285 481 4350 quem
497 4273 625 4328 veteres
648 4272 763 4349 poetae
785 4273 873 4328 certo
896 4285 934 4327 ac
955 4263 1089 4328 definito
1111 4262 1281 4348 longarum
1297 4276 1329 4329 et
1343 4265 1493 4331 brevium
1511 4265 1710 4351 syllabarum

262 4364 375 4431 ordine
403 4374 647 4452 expresserant,
682 4365 828 4452 apostis
850 4367 977 4448 graecis
1000 4364 1099 4428 medii
1121 4366 1195 4430 aevi
1217 4376 1355 4432 accentu
1377 4366 1556 4433 indicatum
1578 4371 1710 4434 sentias.

264 4465 420 4552 liquidem
443 4489 480 4531 eo
495 4466 709 4532 confidentius
732 4465 815 4531 hanc
838 4466 904 4530 vim
927 4475 1118 4530 accentuum
1140 4470 1311 4533 concentui
1332 4469 1367 4532 in
1390 4468 1576 4556 byzantinis
1598 4472 1710 4535 canni-

263 4569 359 4631 nihus
382 4567 560 4652 assignavi,
576 4570 663 4654 quod
685 4567 773 4632 idem
795 4566 864 4631 fere
885 4569 919 4630 in
941 4567 1050 4632 latinis
1073 4570 1260 4655 sequentiis,
1282 4592 1472 4655 graecorum
1496 4573 1710 4658 tropariorunt

262 4668 327 4733 illis
349 4669 480 4755 quidem
503 4667 690 4750 simillimis,
720 4676 872 4733 accentus
894 4667 1004 4732 valere
1025 4667 1111 4733 inter
1130 4693 1242 4736 omnes
1265 4681 1415 4738 constare
1435 4695 1602 4738 noveram.
1648 4675 1711 4739 Ne·

263 4792 325 4856 que
354 4781 461 4834 tamen
490 4771 569 4832 haec
598 4791 650 4832 res
672 4770 706 4832 in
728 4769 878 4835 omnibus
901 4767 1050 4836 versibus
1079 4793 1181 4861 aeque
1210 4783 1309 4860 atque
1336 4776 1370 4839 in
1393 4785 1465 4839 octo
1487 4774 1551 4840 illis
1574 4774 1655 4840 colis
1677 4777 1711 4841 in
