3800 5474
275 365 397 422 XXVIII
865 368 1146 422 PROLEGOMIINA.
1197 373 1198 376 ’
1295 433 1296 436 ¹

277 521 309 576 et
331 534 409 576 num
431 513 488 600 qui
509 513 620 598 apices
642 514 677 578 in
698 512 769 579 loco
792 513 946 581 lacunoso
967 513 1086 600 dispici
1108 520 1257 600 possent,
1281 511 1433 598 religiose
1448 520 1628 599 quaereret.
1667 511 1733 576 Sed

276 615 357 678 haec
378 637 452 700 spes
475 636 527 678 rna
549 613 645 701 plane
667 613 803 698 fefellit3
826 614 882 680 illc
905 605 991 682 enim
1012 615 1093 680 mihi
1117 615 1286 702 rescripsit
1306 612 1461 679 versiculi
1483 615 1591 702 quarti
1613 612 1732 678 decimi

218 798 229 810 ἱ
275 724 413 802 praetor
433 716 577 804 quinque
605 716 718 782 literas
747 737 842 798 τετρα
870 717 952 784 nihil
984 740 1051 784 non
1079 717 1176 784 modo
1208 737 1383 804 apparere,
1402 714 1476 781 esed
1503 737 1545 780 ne
1573 716 1731 802 scriptum

276 815 408 902 quidem
429 817 472 884 ab
501 818 635 884 librario
663 817 777 884 fuisse.
790 821 823 904 ²¹)
866 819 1013 885 Indead
1034 820 1208 885 Messmeri
1231 817 1375 903 collegae
1395 817 1587 883 amicissimi
1610 815 1730 882 doctri-

275 940 351 982 nam
365 927 463 1006 atque
478 919 713 986 humanitatem
730 920 863 1006 confugi
871 970 880 1005 ,
905 922 961 1007 qui
977 921 1076 1004 κύβον
1090 921 1180 1003 ἱερὸν
1193 918 1338 1008 lapidem
1361 917 1453 984 illum
1475 917 1731 1004 intellegendum

277 1041 349 1085 esse
376 1019 555 1104 intellexit,
584 1022 658 1110 qui,
687 1043 761 1087 cum
789 1020 866 1087 olim
895 1032 1157 1105 monumentum,
1184 1022 1220 1086 in
1248 1043 1312 1110 quo
1339 1042 1455 1107 corpus
1484 1020 1607 1086 domini
1629 1020 1731 1085 nostri

276 1123 419 1209 positum
442 1132 523 1206 erat,
547 1122 729 1207 clausisset,
753 1133 866 1212 postea
887 1136 963 1192 ante
984 1124 1067 1190 illud
1081 1132 1326 1189 monumentum
1341 1143 1417 1187 arae
1432 1123 1535 1188 instar
1554 1120 1730 1186 collocatus
1810 1203 1816 1210 Ι

276 1245 348 1289 csse
376 1233 541 1310 narratur,
572 1224 654 1290 tales
682 1234 789 1292 autem
818 1248 895 1291 arae
923 1249 996 1293 cum
1024 1235 1163 1314 quatuor
1189 1224 1347 1292 columnis
1375 1224 1464 1310 cingi
1492 1232 1525 1290 et
1546 1223 1650 1304 tholo,
1679 1216 1741 1287 cui·

277 1325 401 1394 ciborio
423 1348 541 1392 nomen
565 1337 649 1411 erat,
673 1330 741 1414 tegi
763 1327 879 1396 solitae
901 1338 1028 1413 essent,
1057 1327 1273 1415 Sophronium
1297 1326 1519 1392 divinavimus
1542 1325 1729 1412 scripsisse:

275 1428 366 1510 ἱερὸν
389 1430 488 1511 κύβον
511 1429 629 1495 κατίδω
652 1431 752 1511 μέγαν
775 1430 1013 1512 οὐρανοετεγόν
1035 1452 1070 1497 τε
1091 1432 1236 1512 τέτραειν
1258 1429 1404 1510 φρακτόν
1426 1450 1460 1495 τε
1483 1431 1618 1509 erutuet.

363 1529 540 1618 Sophronii
567 1539 600 1595 et
627 1529 721 1596 Elias
748 1530 949 1597 carminibus
977 1533 1120 1598 metricis
1149 1531 1284 1598 Leontis
1312 1530 1399 1616 regis
1427 1532 1568 1616 ῲδάριον
1596 1550 1730 1597 κατανυ-

278 1633 385 1700 κτικὸν
409 1640 441 1697 et
456 1630 565 1696 Photii
588 1632 793 1720 patriarchae
815 1635 917 1715 ὕμνον
939 1635 974 1701 ἐκ
996 1637 1173 1716 προεώπου
1197 1633 1360 1700 Βακιλείου
1382 1633 1541 1700 δεεπότου
1564 1631 1730 1711 subiunxi,

276 1755 359 1820 quae
393 1734 537 1799 carmina
568 1736 887 1819 Anacreonteorum,
921 1736 1039 1823 quibus
1068 1737 1102 1801 in
1130 1735 1201 1803 cod.
1224 1734 1405 1800 Barbarino
1434 1733 1620 1800 consociata
1642 1741 1731 1814 sunt,

276 1835 414 1901 formam
429 1836 617 1902 accentibus
632 1836 833 1926 syllabarum
849 1839 1034 1923 imitantur3
1050 1845 1177 1902 aarum
1191 1845 1301 1902 autem
1315 1837 1439 1919 aberat,
1451 1845 1488 1901 ut
1502 1857 1613 1902 omnes
1629 1834 1730 1922 pedes

276 1937 390 2003 horum
421 1939 600 2004 carminum
621 1949 768 2006 auctores
790 1939 980 2006 accentibus
1003 1941 1239 2027 exprimerent,
1269 1939 1361 2003 utin
1383 1937 1582 2023 paenultima
1604 1935 1735 2023 syllaba⁴

276 2061 436 2126 numquam
457 2063 522 2106 non
540 2041 688 2107 acuenda
709 2043 968 2129 acquiescerent,
992 2041 1078 2128 quod
1102 2039 1255 2106 similiter
1275 2038 1470 2125 Gregorium
1485 2041 1729 2104 Nazianzenum

276 2151 311 2215 in
326 2143 469 2208 carmine
485 2144 623 2231 septimo
638 2144 822 2210 instituisse
837 2165 936 2232 supra
950 2167 981 2230 p.
993 2142 1059 2208 XV
1081 2142 1386 2208 demonstravimus.
1422 2142 1595 2206 Praeterea
1615 2139 1728 2226 rhyth-

276 2243 371 2309 micis
393 2244 631 2313 Anaereonteis
653 2245 919 2311 adnumerandae
941 2254 1017 2310 sunt
1031 2244 1148 2310 Preces
1172 2245 1303 2310 loannis
1319 2243 1516 2308 Damasceni
1531 2243 1565 2307 in
1579 2239 1730 2307 Danielis

276 2344 373 2410 Thes.
396 2345 540 2440 hymnol.
563 2348 632 2431 III,
655 2349 697 2414 94
725 2357 758 2413 ct
779 2348 924 2412 earmina
951 2345 1139 2431 Palaeologi
1166 2345 1327 2412 Manuelis
1356 2357 1388 2410 et
1416 2345 1572 2411 Gatrarae
1599 2345 1635 2410 in
1661 2343 1729 2410 lila-

276 2457 412 2533 trangae
433 2448 560 2515 Aneed.
584 2449 718 2533 11,675.
735 2449 799 2516 682
821 2448 920 2517 edita.

359 2549 475 2636 Longe
496 2550 673 2616 maximam
694 2559 804 2618 autem
831 2561 957 2638 partem
978 2550 1075 2617 huius
1099 2549 1175 2616 libri
1199 2551 1343 2616 carmina
1365 2549 1586 2616 ecclesiastica
1607 2548 1729 2636 byzen-

276 2651 345 2716 tina
366 2651 519 2739 implent,
543 2674 626 2738 quae
646 2653 729 2720 adeo
753 2675 911 2719 summam
933 2654 1029 2719 huius
1052 2652 1260 2738 anthologiae
1282 2653 1447 2734 efficiunt,
1469 2660 1506 2717 ut
1525 2671 1608 2738 quae
1622 2647 1730 2714 adhuc

277 2754 501 2819 enarravimus
534 2755 679 2820 carmina
711 2764 875 2842 tamquam
908 2777 967 2842 pro
999 2753 1171 2822 corollario
1204 2753 1354 2819 habenda
1386 2755 1462 2819 sint.
1507 2752 1558 2818 Ea
1586 2753 1620 2816 in
1648 2773 1730 2840 quas

166 2939 168 2944 ι
276 2874 397 2940 genera
424 2854 620 2941 dividenda,
650 2856 703 2921 cui
731 2878 939 2924 numerorum
959 2858 1022 2922 arti
1045 2855 1187 2942 illigata,
1215 2855 1333 2942 quibus
1361 2856 1494 2920 musicis
1515 2853 1658 2919 modulis
1680 2855 1729 2918 in·

277 2964 402 3021 structa
429 2957 511 3042 sint,
541 2958 647 3024 tribus
676 2957 899 3045 peculiaribus
926 2957 1020 3024 libris
1047 2957 1134 3023 infra
1157 2956 1350 3040 edisseram3
1382 2957 1416 3021 in
1439 2955 1501 3023 hoc
1522 2954 1606 3020 libro
1628 2955 1728 3022 histo·

276 3057 344 3121 riae
366 3057 461 3123 hrrius
483 3059 592 3145 poesis
615 3059 812 3124 lineamenta
833 3058 1028 3124 adumbrare
1044 3069 1076 3125 et
1092 3065 1261 3147 poetarum
1283 3057 1369 3124 vitas
1392 3059 1556 3124 succincte
1578 3077 1730 3122 enarrare

277 3158 422 3225 decrevi.
1363 3243 1365 3246 Ι

362 3263 477 3329 Tertio
499 3263 602 3348 igitur
623 3272 656 3329 et
678 3271 794 3350 quarto
816 3263 947 3330 sacculo
970 3274 1079 3351 patres
1102 3263 1257 3330 ecclesiae
1279 3264 1406 3328 cavisse
1428 3255 1526 3350 supra
1548 3260 1729 3342 docuimus,

275 3387 318 3428 ne
340 3374 468 3452 praeter
489 3363 629 3453 psalmos
651 3364 794 3430 Da'vidis
817 3375 850 3430 et
872 3386 965 3430 sacra
992 3367 1120 3432 cantica
1147 3362 1323 3452 quidquam
1350 3364 1503 3430 carminis
1526 3365 1560 3428 in
1581 3360 1729 3428 ecclesiis

277 3475 457 3533 caneretur.
501 3467 639 3534 Veteres
661 3478 771 3533 autem
793 3466 843 3533 illi
870 3467 1001 3554 hymni,
1028 3469 1177 3555 quamvis
1210 3465 1316 3532 divini
1348 3466 1580 3552 hominumque
1612 3464 1729 3531 animis

276 3568 522 3635 commovendis
545 3569 775 3656 erigendisque
797 3569 908 3635 idonei
932 3578 1055 3653 essent,
1079 3578 1189 3635 tamen
1211 3571 1271 3653 iis,
1301 3591 1384 3654 quae
1413 3568 1586 3634 christiani
1609 3568 1728 3632 sentie-

276 3670 356 3735 bant
378 3679 411 3734 et
433 3670 498 3735 sibi
520 3673 654 3759 propria
668 3671 919 3755 venerabantur,
942 3669 1146 3737 illustrandis
1162 3669 1435 3759 praedicandisve
1451 3669 1531 3736 facti
1546 3692 1611 3735 non
1626 3678 1728 3734 erant.

278 3770 354 3852 Qua
382 3769 423 3835 de
452 3793 551 3838 causa
577 3782 751 3861 postquam
779 3773 885 3838 turbis
913 3771 1068 3838 ecclesiae
1096 3773 1284 3860 compositis
1311 3773 1419 3838 minus
1448 3771 1626 3838 verendum
1654 3771 1727 3854 fuit,

277 3896 318 3939 ne
345 3874 486 3940 noviciis
514 3872 715 3940 carminibus
743 3873 942 3940 christianae
969 3873 1046 3940 fidei
1068 3876 1237 3961 integritas
1266 3883 1542 3962 corrumperetur,
1569 3874 1642 3939 lieri
1663 3895 1729 3937 non

277 3978 400 4062 potuit,
429 3978 564 4065 quinat
590 3985 706 4064 poetae
735 3974 850 4041 divino
877 3977 1034 4042 instinctu
1062 3976 1221 4064 compulsi
1243 3977 1367 4043 Christi
1396 3977 1519 4041 domini
1540 3975 1729 4060 Mariaeque

277 4080 391 4144 matris
419 4079 473 4144 dei
502 4078 614 4144 laudes
644 4086 800 4144 canerent
822 4087 855 4143 et
874 4077 1024 4166 populus·
1043 4079 1101 4144 has
1125 4077 1304 4143 cantilenas
1326 4077 1555 4165 comprobaret
1576 4097 1614 4141 ac
1635 4077 1729 4163 quasi

344 4386 370 4454 ¹l)
389 4387 452 4440 Hac
473 4389 622 4442 occasione
646 4388 756 4450 oblate,
781 4387 881 4454 quibus
904 4388 974 4439 locis
997 4385 1145 4438 Flaschius
1168 4387 1225 4438 alis
1244 4390 1329 4452 atque
1348 4385 1497 4452 Matranga
1516 4402 1530 4436 e
1549 4383 1610 4440 cod.
1627 4385 1729 4436 Barbe-

276 4474 337 4524 rino
355 4475 520 4540 enataverit,
539 4473 671 4525 referam:
690 4478 742 4529 v.2
760 4476 813 4525 νῦν
832 4469 940 4524 ἐθέλων
958 4471 1058 4522 omisso
1076 4469 1110 4535 δή
1123 4474 1178 4521 -6
1195 4468 1258 4523 αἰὲν
1275 4470 1343 4534 ἡμῖν
1361 4467 1478 4537 κραδίην
1489 4497 1519 4506 -
1532 4473 1562 4522 19
1576 4468 1729 4522 ἐπαναξῐοο

276 4583 309 4592 —
328 4561 359 4608 21
378 4555 534 4622 ἀκροκρυνο
553 4557 751 4624 χρυεόμορφον
771 4586 801 4595 -
819 4559 852 4608 39
870 4555 1024 4619 παμμὲδων
1047 4555 1149 4622 τεχύνη
1175 4554 1375 4622 κεχαραγμὲνω
1396 4558 1524 4620 γραφῆο(
1544 4552 1632 4607 εἰκόνι
1649 4553 1730 4618 etto(

277 4670 309 4677 —
327 4645 360 4693 46
379 4641 436 4693 ἕλει
454 4670 487 4678 -
505 4641 623 4706 μέδουεα
646 4671 678 4680 -
703 4647 736 4694 50
753 4641 879 4704 κάλαμοι
897 4640 1019 4704 (aanor
1038 4655 1069 4692 τε
1088 4639 1177 4706 λόγχη
1199 4674 1232 4683 -
1256 4644 1288 4694 53
1306 4638 1402 4706 χορεία
1419 4668 1452 4676 -
1470 4643 1503 4692 74
1521 4639 1626 4705 πέτρη(
1644 4665 1678 4675 -
1693 4639 1726 4689 81

277 4725 383 4788 βαίνων
400 4755 434 4764 -
452 4731 485 4780 93
502 4725 586 4791 ὑγιήν
602 4755 635 4764 —-
653 4731 686 4780 95
702 4725 844 4792 τροφοίην
862 4722 1004 4789 τεμένωδε
1027 4725 1085 4776 πᾶν
1103 4724 1137 4777 τὸ
1155 4727 1234 4789 κῶμα
1252 4753 1284 4784 ,-
1302 4729 1335 4778 98
1353 4721 1467 4792 Μαρίην
1485 4754 1518 4762 -
1538 4727 1585 4778 102
1602 4723 1729 4789 οὐρανὸν

276 4807 344 4862 lber.
