3770 5484
891 342 1172 398 PROLEGOMENA.

460 493 496 558 ‘O
519 493 684 573 εὐτχήμων
707 493 820 572 Ἰωτὴφ

462 597 527 662 ἀιιό
549 599 608 660 τοῦ
630 595 728 661 ξύλου
751 595 896 660 καθελὼν

460 699 498 762 τὸ
520 696 682 776 ἄχραντόν
705 717 763 762 του
785 698 874 775 κῶμα

463 798 582 865 τινδόνι
605 801 727 880 καθαρᾷ

460 899 584 977 sititur
607 901 658 964 καὶ
679 898 821 979 duduco

461 1001 497 1066 ἐν
519 1002 655 1080 μνήματι
676 1008 775 1083 καινῷ

512 1103 665 1181 substitue
687 1103 836 1168 ἀπέθετο.

312 1229 344 1285 et
366 1220 399 1284 in
423 1219 565 1307 tropario
587 1219 755 1285 Pascbatis
777 1243 810 1305 p.
833 1219 890 1284 88:

465 1340 596 1419 Xptcsdc
619 1339 733 1419 ἀνέττη
756 1341 790 1405 ἐκ
810 1345 935 1419 νεκρῶν

462 1441 592 1525 θανάτῳ
615 1441 756 1508 θάνατον
777 1443 919 1520 πατήκαε

462 1545 515 1608 καὶ
536 1547 604 1610 soit
627 1544 662 1610 ἐν
684 1549 754 1610 τοῖς
776 1545 909 1626 μνήματι

463 1647 548 1723 ζωὴν
571 1646 789 1726 χαριεάμενοτ.

394 1811 590 1899 Plerumque
616 1823 726 1878 autem
749 1837 789 1878 ne
811 1814 892 1879 hacc
915 1813 1046 1900 quidem
1074 1811 1290 1899 aequabilitas
1318 1833 1523 1876 numerorum
1547 1821 1676 1877 servata
1700 1823 1760 1894 est,

312 1914 369 1980 scd
391 1925 428 1978 ut
449 1914 483 1978 in
506 1914 656 1979 versibus
679 1917 811 1980 iambici
833 1915 935 2004 pedes
958 1937 1032 1979 cum
1054 1915 1288 2000 anapaesticis,
1312 1913 1468 1978 trochaici
1491 1934 1564 1978 cum
1587 1911 1760 1997 dactylicis

311 2017 379 2080 fere
402 2016 567 2080 coniuncti
590 2027 682 2100 sunt,
710 2019 758 2082 sic
779 2019 878 2082 etiam
901 2017 1074 2104 pleraeque
1097 2015 1249 2104 strophae
1272 2037 1314 2080 ax
1336 2015 1415 2081 colis
1437 2014 1653 2102 versibusque
1675 2015 1761 2078 varii

311 2116 455 2202 rhythmi
479 2118 662 2204 promiscue
684 2118 798 2205 positis
821 2127 981 2184 constant.
1018 2119 1144 2183 Eadem
1164 2118 1266 2204 igitur
1280 2119 1421 2182 varietas
1435 2139 1654 2200 numerorum,
1677 2137 1762 2203 quae

311 2218 454 2305 strophis
477 2229 624 2286 veterum
646 2229 815 2307 poetarum
837 2219 1013 2307 lyricorum
1036 2232 1069 2286 et
1091 2221 1309 2301 scenicorum,
1331 2219 1520 2305 byzantinis
1543 2239 1671 2305 quoque
1694 2228 1760 2283 tro-

312 2321 412 2407 pariis
446 2323 504 2384 cst.
555 2320 651 2402 erod
685 2331 793 2386 autern
826 2331 939 2388 nostra
971 2324 1128 2388 memoria
1159 2323 1224 2386 viri
1256 2320 1342 2386 docti
1376 2319 1584 2406 stropharum
1610 2328 1760 2384 veterum

311 2431 435 2508 partes,
459 2417 610 2508 quam'vis
632 2421 809 2488 dissimiles
831 2445 903 2488 esso
928 2423 1111 2508 videantur,
1134 2434 1242 2488 tamen
1269 2421 1312 2486 ad
1340 2423 1548 2507 symmetriae
1574 2420 1664 2507 leges
1694 2421 1760 2508 syl-

312 2523 396 2588 labis
423 2523 598 2588 artifieiose
631 2525 804 2609 protractis
832 2534 866 2589 et
894 2523 1075 2592 intervallis
1110 2525 1312 2613 interpositis
1342 2521 1557 2607 revocabant,
1590 2522 1626 2588 id
1654 2524 1761 2588 modis

312 2627 566 2712 byzantinorum
598 2627 831 2712 imperiorum,
865 2629 920 2712 qui
949 2649 1022 2692 cum
1051 2638 1084 2693 ct
1111 2627 1260 2692 codicum
1287 2635 1320 2690 et
1343 2635 1511 2691 cantorum
1544 2625 1608 2690 fide
1638 2627 1761 2690 servati

312 2728 392 2806 sint,
421 2729 485 2791 ista
505 2726 646 2792 artificia
673 2751 737 2792 non
760 2728 952 2808 admittunt,
976 2751 1089 2816 parum
1111 2728 1277 2816 probatur.
1320 2725 1466 2792 Plurima
1492 2728 1579 2792 cuim
1605 2729 1762 2813 troparia,

312 2829 503 2916 praesertim
526 2830 708 2915 principum
731 2829 931 2896 melodorum
954 2830 1087 2895 Ioannis
1111 2830 1307 2896 Damasceni
1329 2838 1361 2894 et
1377 2828 1514 2894 Cosmae
1528 2827 1761 2916 Hierosolymi·

312 2931 381 2994 tani
404 2929 450 2994 ita
472 2931 653 3016 composita
674 2942 766 3013 sunt,
795 2941 831 2996 ut
852 2931 975 2996 trustra
996 2953 1106 2995 eorum
1129 2930 1201 2998 cola
1221 2928 1466 3018 aequabilitatis
1488 2932 1657 2996 cuiusdam
1681 2930 1760 3016 legi-

312 3032 373 3095 bus
397 3029 561 3096 includere
584 3034 720 3096 conoris.
758 3032 834 3097 Sola
855 3033 1083 3119 antiquissima
1096 3035 1241 3099 carmina
1262 3033 1467 3119 perspicuam
1489 3034 1651 3117 quandam
1675 3056 1761 3120 sym·

314 3132 462 3197 metriam
486 3153 562 3218 prae
585 3156 619 3198 so
641 3133 766 3214 ferunt,
789 3157 886 3220 quam
909 3136 1094 3220 insignibus
1116 3133 1241 3222 aliquot
1262 3132 1420 3220 exemplis
1441 3135 1507 3198 iam
1528 3131 1721 3200 illustrabo:

724 3322 1017 3402 Ἐξαποττειλάριον
1041 3323 1074 3385 in
1096 3321 1228 3389 Pentec.
1250 3345 1282 3408 p.
1306 3321 1343 3385 4:

469 3455 563 3535 (αρκὶ
585 3455 734 3522 ὑπνώτατ
757 3457 803 3522 ὼε
825 3459 940 3537 θνητότ

468 3557 487 3622 ὁ
511 3560 655 3639 βατιλεὺ(
677 3561 727 3623 καὶ
748 3560 856 3638 κύριοι

487 3731 491 3738 ,
518 3661 684 3739 τριήμεμοτ
706 3662 887 3740 ἐξανέττητ,

467 3760 565 3840 Ἀδὰμ
587 3762 712 3840 ἐγείραι
734 3765 768 3826 ἐκ
790 3765 917 3842 φθορᾶτ

467 3862 517 3925 καὶ
540 3863 735 3941 καταργήτα(
757 3863 908 3929 θάνατον.

381 3963 492 4042 Πάτχα
514 3967 569 4042 τῆ(
591 3964 782 4044 ἀφθαρτίατ,
807 3965 812 4048 Ι
828 3970 886 4031 τοῦ
909 3967 1027 4044 κότμου
1054 3970 1218 4046 τωτήριον.
1261 4013 1278 4020 -
1297 4001 1313 4018 υ
1333 4011 1349 4018 -
1368 4003 1385 4018 υ
1404 4003 1420 4020 ν
1445 4013 1454 4020 ·
1474 4004 1492 4021 ν
1536 4001 1553 4019 ν
1566 4013 1584 4020 -
1597 4004 1614 4022 ν
1629 4007 1645 4020 ν
1659 4015 1675 4022 -
1692 4011 1708 4022 υ
1723 4016 1738 4024 -
1752 3993 1764 4020 ι’

874 4153 1009 4231 Κάθιεμα
1033 4150 1047 4214 Ι
1071 4175 1102 4238 p.
1126 4153 1180 4215 hl:
