3800 5474
270 347 338 402 LlB.
354 347 401 402 Ill.
430 347 477 402 DE
493 345 718 402 RHYTHIIIICIS
733 345 886 402 LEGIBUS
902 344 1098 402 cluuiaru
1113 343 1413 401 BYZANTINORUM.
1457 344 1609 400 LXXXVII

162 596 225 662 hoc
253 606 363 662 autern
391 595 524 661 schema
551 594 666 661 eodem
693 594 764 660 iure
791 593 976 660 trooh'aicae
1004 593 1208 682 tetrapodiae
1234 643 1517 665 „„„„„„„„
1540 615 1615 658 oon-

163 699 243 763 ferri
266 719 363 784 posse
386 719 428 762 ex
451 698 509 779 iis,
532 718 615 782 quae
636 697 732 762 modo
755 696 983 783 exposuimus,
1006 707 1153 783 apparet,

247 798 489 865 Baoohiaois
512 819 590 866 vero
612 798 699 885 quod
721 797 800 864 eolis
816 797 958 864 conferri
974 799 1095 884 possit,
1117 819 1218 861 unum
1234 797 1336 864 ‚colon
1353 795 1442 884 apud
1458 795 1614 862 loannem

163 904 405 969 Damascenum
427 923 499 966 oan.
521 899 571 966 IV
594 899 648 966 od.
670 900 698 966 θ’
721 923 754 966 ν.
778 901 795 962 1
818 900 912 965 novi:

315 1021 469 1105 (nutritoe,
492 1021 646 1103 φωτίζον.
732 1019 879 1092 ὢθείαε,
901 1019 927 1083 ὢ
950 1019 1053 1100 φίλης.
1140 1018 1296 1099 ὢπὰεχα
1311 1019 1349 1086 τὸ
1372 1019 1461 1102 μέγα.

163 1161 267 1229 neque
289 1139 379 1205 modi
401 1138 478 1204 huie
499 1138 644 1238 opinioni
666 1137 798 1201 obstare
820 1133 989 1202 videntur:

571 1266 742 1414 μὲ)
769 1291 840 1384 gx
855 1281 1011 1358 zm
1022 1242 1197 1356 aa

589 1438 643 1498 φω
700 1439 729 1484 τι
771 1425 830 1488 loo
873 1443 928 1504 φω
955 1443 985 1488 τι
1030 1444 1040 1486 ι
1083 1427 1181 1490 riou.

160 1515 220 1582 sed
247 1539 321 1582 cum
354 1515 421 1581 alia
453 1516 604 1603 exempla
630 1519 726 1584 huius
753 1520 898 1609 rhythmi
927 1545 992 1588 non
1020 1522 1250 1610 suppetant*),
1285 1518 1395 1584 neseio
1425 1539 1468 1583 an
1490 1519 1612 1583 rectius

160 1621 247 1684 huno
279 1616 476 1684 versiculum
509 1619 542 1682 iu
577 1618 641 1684 duo
669 1621 789 1706 pusillo
816 1624 890 1690 cola
916 1628 1060 1707 φωτίζον
1089 1623 1093 1707 l
1123 1627 1268 1706 φωτίζον
1296 1621 1441 1686 dirimas.
1485 1619 1611 1686 Eodem

160 1743 239 1788 vero
262 1720 357 1785 modo
379 1717 505 1806 aliquot
527 1720 756 1788 dochmiaei
778 1724 959 1812 rhythmi
983 1724 1133 1811 exempla
1147 1725 1309 1790 removeri
1325 1717 1421 1808 posse
1443 1723 1610 1806 videntur,

159 1820 252 1888 velut
273 1821 427 1887 Andreae
448 1821 567 1908 Pyrrhi
589 1844 663 1904 ετιχ.
686 1845 718 1888 ν.
744 1827 778 1891 1:

313 2044 419 2109 ποίοιε
441 2044 608 2124 εὐφημιῶν
631 2046 783 2127 ετὲμμαει.
987 2050 1094 2114 ποίοιε
1117 2050 1286 2132 ὑμνῳδιῶν
1309 2045 1424 2112 ἄνθεα.
1523 2099 1525 2104 ,
1650 2075 1653 2082 ·

368 2161 694 2220 ..:..·'..l.i:'..‘

585 2263 721 2330 Cosmas
743 2288 813 2331 can.
838 2265 923 2332 XIV
945 2265 998 2332 od.
1021 2268 1046 2334 ε’
1068 2292 1100 2334 ν.
1127 2269 1160 2331 1:

221 2384 260 2448 τὸ
281 2384 335 2447 διὰ
356 2383 414 2449 τὸν
437 2381 544 2464 φόβον
568 2404 624 2449 εον
647 2386 769 2466 ληφθὲν
793 2387 890 2466 κύριε.
977 2389 997 2468 ἡ
1020 2353 1247 2469 ἑπιφοιτήεαεα
1269 2387 1354 2467 ἰεχὺε
1376 2387 1521 2466 εήμερον.

366 2499 603 2569 ιὲιιιιιῖιῖ
819 2538 982 2559 -----
1002 2506 1155 2573 lV-U-

606 2603 744 2668 Cosmas
766 2626 836 2670 ean.
860 2605 908 2670 VI
930 2603 984 2670 od.
1007 2606 1036 2672 α’
1059 2629 1092 2671 ν.
1114 2607 1151 2671 6:

220 2730 267 2807 τῷ
289 2729 334 2808 εῷ
357 2723 496 2806 ᾅδονται
519 2726 700 2802 μονογενεῑ.
905 2727 971 2804 μεθ’
991 2725 1054 2802 ὼν,
1078 2726 1231 2806 ἄχραντέ,
1255 2748 1313 2792 rou
1334 2729 1392 2807 τὴν
1415 2727 1540 2806 εεπτήν.

578 2942 715 3009 Cosmus
739 2966 809 3009 ean.
834 2943 923 3009 XIII
946 2943 1000 3009 od.
1022 2945 1051 3025 η’
1073 2967 1106 3008 ν.
1129 2945 1165 3010 3:
1341 3017 1344 3023 Ι

222 3063 293 3127 ἰδοὺ
315 3061 377 3142 γὰρ
399 3063 434 3128 ἐν
457 3066 583 3142 νεκροῑε
605 3064 770 3140 λογίζεται.
924 3065 1041 3144 νεκρὸν
1063 3067 1125 3144 γὰρ
1139 3066 1199 3130 ναὶ
1219 3065 1342 3144 γυμνὸν
1365 3065 1538 3146 θεώμενοι.

497 3185 501 3248 l
544 3281 684 3347 loannes
707 3281 805 3346 Dam.
828 3305 902 3348 can.
926 3282 981 3347 111
1004 3183 1108 3350 οι1.Ιθ’
1131 3308 1161 3348 ν.
1184 3285 1221 3350 5:

156 3408 262 3471 νοεῖν·
287 3401 363 3467 ὅθεν
386 3422 419 3467 cr
442 3404 498 3468 triv
520 3403 613 3487 πόθῳ
636 3402 821 3482 δοξάζομεν.
891 3404 1013 3482 πατρὸς
1040 3404 1194 3483 πέπομφε
1221 3406 1280 3482 τὴν
1308 3404 1400 3483 χάριν
1421 3409 1479 3469 τοῦ
1507 3405 1602 3469 πνεύ-

1340 3524 1449 3584 ματοε.

154 3623 303 3708 Namque
315 3621 348 3686 in
364 3621 491 3687 duobus
507 3622 671 3707 prloribus
688 3621 886 3688 carminibus
903 3629 1051 3686 extrema
1066 3621 1248 3708 trisyllaba,
1271 3622 1304 3685 in
1321 3621 1447 3686 duobus
1465 3624 1601 3707 posteri-

155 3723 269 3790 oribus
291 3725 396 3809 prima
424 3721 588 3810 disyllaba
616 3723 778 3790 vocabula
803 3725 851 3788 ita
872 3747 892 3788 a
914 3723 1040 3810 reliqua
1069 3734 1163 3811 parte
1192 3746 1305 3790 versus
1333 3745 1485 3810 separare
1513 3723 1601 3809 licet,

155 3835 191 3890 ut
213 3848 308 3889 suum
330 3826 510 3890 membrum
533 3825 680 3890 efficiant
701 3835 734 3890 et
756 3827 819 3891 duo
842 3826 1002 3906 membra,
1030 3825 1063 3888 id
1087 3825 1173 3912 quod
1196 3848 1261 3889 non
1283 3847 1356 3890 roro
1379 3826 1514 3909 accidit,
1544 3825 1600 3891 ad-

108 3955 111 3960 ·
154 3950 252 3992 versa
279 3927 384 3992 fronte
412 3925 577 3994 collidant.
626 3929 736 4014 Atque
764 3926 843 3992 baec
876 3925 1008 4014 quidem
1037 3927 1155 3991 divisio
1183 3927 1288 3991 modis
1318 3949 1433 3992 versus
1463 3927 1601 3993 Cosmae

153 4052 226 4093 ran.
252 4027 335 4092 XIV
358 4027 440 4092 odae
469 4029 601 4114 quintae
629 4027 719 4114 (vide
741 4027 881 4096 Hirmol.
910 4053 941 4115 p.
964 4029 1041 4110 400)
1071 4047 1185 4114 parum
1213 4029 1432 4094 commendari
1461 4029 1600 4108 videtur,

152 4130 351 4217 reliquorum
375 4139 483 4194 autem
506 4152 660 4196 versuum
683 4129 959 4195 modulationibus
975 4139 1101 4193 tantum
1118 4152 1181 4194 non
1199 4129 1414 4214 efflagitatur,
1438 4131 1600 4216 siquidem

152 4232 290 4318 duplum
317 4233 473 4318 temporis
502 4234 659 4317 spatium,
683 4230 771 4317 quod
793 4233 894 4316 priori
917 4229 1118 4316 syllabarum
1147 4228 1373 4307 collidentium
1401 4232 1599 4316 assignatur,

152 4356 245 4398 suum
275 4332 380 4398 locum
410 4332 443 4396 in
473 4332 536 4397 fine
559 4331 701 4398 colorum
725 4332 834 4398 habet.
880 4330 1060 4418 Quidquod
1088 4331 1122 4395 iu
1150 4331 1215 4396 alio
1242 4330 1390 4417 exemplo
1419 4331 1599 4397 dochmiaei

151 4509 380 4518 *na—m...-

220 4605 246 4672 *)
273 4607 362 4658 Unum
390 4608 504 4673 posthae
531 4608 649 4672 cognovi
674 4607 838 4658 versiculum
864 4607 998 4658 similibus
1029 4607 1147 4656 numeris
1174 4605 1375 4670 decurrentem,
1404 4604 1558 4659 Κοντάκιον
1584 4608 1598 4657 Ι

151 4695 211 4744 v.l
250 4693 320 4742 .9o:

230 4707 248 4760 P
441 4775 519 4844 ψυχή
537 4791 606 4841 μου,
623 4777 699 4844 ψυχή
719 4791 772 4841 μου
843 4775 846 4842 I
935 4774 1054 4842 ἀνάετα,
1074 4773 1100 4828 τί
1119 4775 1276 4840 καθεύδεις

292 4873 311 4911 ο
