3800 5474
246 299 325 354 XXII
829 295 1113 353 PROLEGOIIENA.

247 445 406 513 eeclesiae
428 447 563 512 canticis
586 455 768 510 numerant.
812 442 846 508 Is
869 465 932 530 quo
953 442 989 507 in
1010 442 1133 509 honore
1155 445 1221 509 iam
1242 443 1476 531 antiquissimis
1503 442 1705 529 temporibus

249 548 364 629 fuerit,
399 547 477 612 inde
509 548 700 632 intellegere
733 547 856 633 possis,
890 544 975 633 quod
1008 545 1231 610 vetustissimo
1258 544 1414 631 psalterio
1442 542 1705 626 christianorum,

249 649 337 736 quod
361 648 474 715 c‘odice
488 647 716 714 Alexandrino
739 649 900 713 versionis
922 669 1062 732 graecae
1084 648 1205 713 veteris
1221 646 1424 712 Testamenti
1445 653 1613 712 servatum
1634 667 1706 711 esso

250 773 350 838 supra
370 751 572 834 monuimus,
598 753 740 816 insertus
763 749 893 835 legitur.
938 748 1031 814 Illius
1054 747 1140 814 enim
1162 748 1308 835 psalterii
1329 771 1403 814 eum
1425 746 1522 833 longe
1544 746 1705 833 amplissi-

249 875 335 918 mam
364 861 492 937 partem
520 852 661 918 Davidis
688 851 806 936 psalmi
835 851 998 934 efficiant,
1015 910 1018 916 .
1033 859 1066 916 et
1098 851 1256 917 tredecim
1289 850 1389 933 odae,
1422 871 1507 935 quae
1538 849 1707 916 eorrolarii

249 956 355 1020 instar
381 952 515 1041 psalmis
545 954 686 1020 Davidis
716 953 864 1018 adiectae
896 964 991 1037 sunt,
1024 963 1082 1018 aut
1110 975 1152 1018 ex
1180 961 1291 1018 vetere
1318 973 1467 1040 novoque
1495 952 1706 1017 Testamenta

250 1058 356 1144 petita
378 1057 444 1121 sint
464 1065 522 1120 aut
544 1057 608 1120 iarn
623 1053 862 1138 Alexandrina,
886 1076 984 1142 quam
1006 1055 1129 1135 dieunt,
1151 1061 1260 1120 aetate
1280 1054 1360 1120 locis
1375 1054 1571 1141 quibusdam
1586 1054 1707 1118 veteris

250 1158 454 1224 Testamenti
476 1157 614 1223 adsutae
636 1179 708 1222 esse
730 1157 904 1222 videantur
925 1159 994 1242 (ῲδ.
1010 1155 1037 1226 ζ’
1050 1155 1079 1238 η’
1093 1157 1151 1239 θ’),
1180 1179 1222 1222 cx
1244 1157 1380 1222 noviciis
1403 1156 1600 1222 carminibus
1623 1177 1706 1220 unus

250 1261 304 1324 llic
326 1258 468 1345 hymnus
491 1261 671 1324 matutinus
691 1260 764 1340 sive
786 1257 954 1344 angelicus
977 1257 1096 1343 dignus
1119 1257 1326 1324 existimatus
1349 1269 1413 1340 est,
1440 1259 1495 1346 qui
1518 1257 1618 1323 sacris
1640 1255 1706 1322 illis

251 1361 323 1428 odis
347 1360 461 1426 ultimo
484 1358 554 1425 loco
578 1359 784 1426 adiiceretur.
829 1362 939 1447 Atque
965 1360 1128 1446 insignem
1151 1360 1236 1425 hunc
1258 1359 1364 1426 locum
1387 1362 1543 1427 meruisse
1564 1358 1705 1439 videtur,

252 1463 339 1549 quod
368 1471 401 1527 et
429 1462 598 1527 sententiis
628 1462 788 1548 dictisque
816 1461 919 1528 sacris
947 1483 1067 1548 magna
1095 1485 1137 1527 ex
1162 1472 1256 1549 parte
1284 1471 1455 1527 contextus
1483 1470 1534 1528 est
1559 1470 1592 1525 ct
1611 1483 1707 1526 vene·

253 1566 359 1630 rande
386 1563 528 1649 quadam
556 1571 719 1629 vetustate
747 1563 1001 1630 commendatur.
1046 1565 1221 1650 Antiquior
1248 1585 1326 1630 vero
1354 1565 1424 1629 eius
1452 1586 1528 1651 pars
1555 1573 1707 1649 quatuor·

253 1667 359 1731 decim
382 1665 503 1750 primos
526 1686 640 1730 versus
662 1664 901 1751 complectitur,
925 1689 1007 1754 quos
1029 1676 1145 1753 quarto
1167 1663 1297 1731 saeculo
1321 1664 1468 1731 Hilarius
1491 1663 1706 1731 Pictaviensis

252 1766 355 1832 latine
390 1767 530 1832 vertisse
569 1765 674 1832 fertur
706 1767 807 1850 (conf.
840 1766 961 1832 Daniel
990 1767 1151 1833 Thesauri
1184 1767 1405 1855 hymnologici
1436 1775 1461 1832 t.
1489 1766 1524 1831 II
1557 1789 1589 1854 p.
1616 1765 1705 1850 270).

252 1868 414 1934 Graecam
437 1877 547 1934 autern
570 1869 638 1934 eius
662 1869 822 1954 originem
845 1889 919 1934 cum
940 1869 1006 1934 alia
1028 1879 1097 1935 tum
1119 1868 1182 1936 hoc
1203 1869 1404 1957 comprobat,
1432 1867 1518 1957 qod
1538 1869 1574 1933 in
1596 1865 1706 1931 latinis

252 1971 451 2036 membranis
494 1971 587 2036 iuxta
627 1969 763 2036 latinam
799 1971 985 2037 versionem
1020 1993 1139 2058 graeca
1174 1972 1278 2037 verba
1313 1981 1448 2038 exarata
1484 1971 1706 2052 inveniuntur,
1751 2003 1754 2007 .

251 2094 387 2159 quarum
421 2071 683 2138 membranarum
712 2073 974 2158 Tegernseenses
1003 2073 1059 2158 (T)
1087 2074 1151 2160 ipsi
1180 2075 1400 2157 excussimus,
1434 2072 1706 2138 Vindobonenses

251 2172 371 2240 Daniel
393 2174 494 2240 Thes.
517 2175 629 2262 hymn.
652 2174 707 2258 Π,
730 2174 793 2240 272
814 2175 1000 2262 descripsit.

336 2276 507 2365 Hymnum
544 2275 729 2362 angelicum
765 2277 800 2340 in
838 2278 978 2363 septimo
1015 2277 1099 2343 libro
1137 2277 1418 2345 Constitutionum
1455 2275 1708 2365 apostolicarum

251 2380 391 2465 hymnus
426 2379 633 2465 vespertinus
662 2388 695 2442 ct
722 2400 834 2466 preces
869 2379 1053 2444 cenatoriae
1088 2381 1267 2468 excipiunt.
1317 2379 1392 2446 Ille·
1407 2403 1449 2445 ex
1477 2381 1604 2446 duabus
1634 2401 1707 2466 par-

252 2479 341 2548 tibus
369 2489 513 2564 mactat,
542 2501 678 2567 quarum
706 2483 796 2568 prior
822 2501 903 2549 voce
931 2481 1014 2563 ἀμὴν
1044 2480 1250 2548 concluditur
1271 2492 1305 2548 et
1327 2481 1369 2547 ab
1392 2480 1497 2547 altera
1519 2491 1707 2568 separatum

251 2585 332 2649 haee
354 2582 458 2648 altera
479 2603 556 2669 pars
577 2582 750 2668 Symeenis
772 2584 859 2649 senis
880 2582 991 2648 Iesum
1013 2582 1172 2648 infantem
1194 2585 1262 2649 suis
1284 2584 1425 2650 brachiis
1446 2585 1586 2650 tenentis
1607 2582 1708 2648 vcrha

253 2685 347 2771 (Luc.
376 2683 428 2766 II,
457 2684 597 2768 29—32)
631 2688 789 2761 eontinet,
828 2685 1007 2772 eademque
1043 2687 1130 2750 inter
1166 2683 1412 2772 quatuordecim
1445 2685 1525 2751 odas
1563 2684 1707 2770 psalterii

253 2787 377 2852 codicis
406 2786 626 2853 Alexandrini
657 2797 789 2876 recepta
822 2797 882 2854 est.
932 2787 1046 2874 Usque
1073 2786 1115 2852 ad
1143 2787 1290 2874 quintum
1317 2788 1418 2873 igitur
1445 2786 1609 2854 saeculum
1636 2787 1707 2874 ipsa

253 2887 357 2954 verba
389 2909 500 2954 sacrae
535 2890 716 2977 scripturae
748 2890 879 2955 recitari
906 2888 1072 2973 solebant,
1107 2889 1225 2976 quibus
1259 2909 1340 2954 aevo
1375 2890 1552 2976 byzantino
1579 2889 1708 2954 novicia

253 2991 400 3055 earmina
421 2989 644 3075 addebantur,
667 3014 750 3079 quae
771 3013 791 3055 a
812 2992 929 3079 primis
952 2992 1063 3057 verbis
1079 2994 1146 3059 Νῦν
1169 2992 1323 3059 ἀπολύει(
1345 3013 1464 3056 nomen
1478 2990 1708 3058 'Arrolourlurv

254 3100 374 3157 nancta
395 3101 483 3156 sunt.
835 3145 843 3156 .

340 3193 550 3280 Quamquam
573 3203 682 3259 autem
702 3194 773 3277 hie,
801 3192 843 3258 de
865 3217 928 3281 quo
951 3195 1095 3280 agimus,
1119 3197 1258 3282 hymnus
1281 3195 1487 3283 vespertinus
1509 3196 1595 3259 inter
1615 3202 1708 3259 vetu-

254 3298 402 3363 stissima
424 3295 571 3362 earmina
592 3295 791 3362 christianae
813 3296 970 3362 ecclesiae
991 3297 1026 3361 in
1041 3296 1339 3364 Constitutionibus
1355 3296 1544 3385 apostolicis
1559 3304 1708 3384 receptus

254 3399 391 3484 legitur,
419 3399 543 3463 maiore
570 3407 679 3464 tamen
706 3399 793 3464 fama
821 3399 907 3465 alius
935 3399 1075 3485 hymnus
1097 3401 1172 3468 Φῶς
1198 3400 1311 3482 ἱλαρόν
1340 3398 1585 3483 celebrabatur,
1615 3419 1710 3486 quem

255 3501 435 3586 Byzantini
464 3501 550 3564 inter
577 3500 685 3567 officia
712 3501 899 3589 vespertina
926 3503 1136 3586 (ἀκολουθίαν
1163 3506 1223 3569 τοῦ
1251 3503 1432 3584 ἑεπερινοῦ)
1459 3510 1651 3588 receperunt
1677 3508 1710 3564 et

254 3602 319 3688 ipsi
341 3601 375 3664 in
398 3600 482 3665 libro
506 3602 698 3682 Ὡρολογίου
720 3602 850 3668 sacculo
865 3604 935 3670 XII
958 3613 1130 3671 exaratum
1152 3605 1347 3669 invenimus.
1392 3601 1478 3667 Eum
1499 3625 1575 3668 num
1598 3611 1711 3668 auctor

257 3703 398 3768 Constit.
414 3712 519 3790 apost.
536 3703 632 3786 VIII,
648 3705 691 3769 34
713 3707 804 3786 ‘perd
825 3709 861 3772 δὲ
884 3706 1016 3787 ῥηθῆναι
1037 3709 1097 3774 τὸν
1121 3707 1308 3786 ἐπιλύχνιον
1331 3707 1461 3787 ψαλμὸν
1483 3707 1711 3788 προοφωνήεει

258 3805 276 3870 ὁ
306 3804 456 3872 διάκονοι
484 3804 565 3886 ὑπὲρ
592 3813 659 3873 τῶν
685 3809 947 3890 κατηχουμένων’
977 3809 1012 3872 in
1039 3811 1148 3875 animo
1176 3807 1345 3890 habuerit,
1375 3806 1552 3874 admodum
1574 3806 1711 3872 dubium

260 3915 320 3989 cst,
344 3905 607 3994 quandoquidem
629 3916 662 3972 et
683 3908 815 3974 brevior
838 3910 1039 3998 tenuiorque,
1062 3932 1160 3998 quam
1176 3912 1231 3998 qui
1246 3908 1364 3997 psalmi
1386 3909 1482 3975 titulo
1504 3909 1711 3994 insigniatur,

257 4029 329 4073 esse
344 4008 487 4092 videtur,
510 4018 543 4073 ct
558 4006 699 4075 Davidis
722 4009 922 4097 psalmorum
944 4011 1035 4094 alios,
1051 4015 1115 4104 qui
1137 4033 1283 4100 vespere,
1305 4009 1396 4094 alios,
1420 4013 1475 4098 qui
1498 4033 1592 4078 mane
1615 4031 1710 4076 cane-

258 4118 385 4192 rentur,
414 4112 608 4176 censtitutos
636 4110 741 4178 fuisse
767 4114 934 4199 novimus,
970 4114 1055 4180 conf.
1084 4115 1197 4179 Const.
1225 4123 1329 4201 apost.
1358 4112 1461 4197 VIII,
1489 4114 1530 4180 37
1559 4113 1712 4181 acuam

258 4212 380 4294 ὄρθρου
407 4213 427 4280 ὁ
454 4215 606 4283 διάκονος
639 4217 718 4297 μετὰ
744 4217 783 4285 τὸ
812 4217 945 4298 ῥηθῆναι
977 4216 1036 4283 τὸν
1064 4217 1216 4297 ὁρθρινὸν
1243 4218 1296 4282 καὶ
1323 4217 1481 4283 dualiter
1508 4215 1609 4283 αὐτὸν
1635 4217 1712 4282 τοὺ(

258 4318 523 4397 κατηχουμένουο
574 4317 696 4384 Contra
728 4327 853 4383 certum
886 4328 936 4384 est
964 4340 984 4382 a
1013 4318 1135 4384 Basilio
1164 4319 1216 4382 De
1246 4319 1324 4406 spir.
1353 4325 1465 4384 sancto
1494 4339 1522 4382 c.
1550 4317 1593 4382 29
1624 4303 1713 4382 huhc

258 4416 416 4503 hymnum
449 4418 636 4502 ἐπιλύχνιον
670 4421 869 4502 εὐχαριετίαν
901 4430 1125 4508 nuncupatum
1155 4442 1244 4503 esse,
1278 4442 1374 4506 quern
1402 4419 1508 4487 locum
1536 4419 1631 4506 plene
1658 4419 1712 4486 hie

260 4519 447 4586 exscribere
469 4521 577 4586 iuvat:
593 4523 696 4590 .ἔδοξε
719 4528 788 4590 τοῖς
810 4523 944 4603 acredo
965 4524 1056 4605 ἡμῶν
1078 4529 1118 4606 μὴ
1143 4529 1244 4608 crunt]
1266 4525 1324 4603 τὴν
1348 4522 1441 4603 χάριν
1462 4528 1521 4588 τοῦ
1544 4523 1712 4603 ἑεπερινοῦ

260 4622 373 4702 φωτὸς
395 4623 557 4709 δέχεεθαι,
578 4624 655 4690 dll'
677 4625 772 4691 εὐθὺ(
794 4626 957 4706 φανέντα(
979 4626 1190 4707 εὐχαρισεῑν·
1220 4626 1272 4692 καὶ
1293 4625 1377 4691 deur
1399 4627 1457 4706 μὲν
1479 4625 1498 4690 ὁ
1520 4627 1624 4706 πατὴρ
1645 4629 1712 4691 τῶν

261 4723 411 4808 ῥημάτων
433 4727 565 4795 ἐκείνων
586 4731 641 4807 τῆς
664 4728 848 4808 ἐπιλυχνίου
870 4729 1076 4812 εὐχαρισίαε,
1098 4728 1200 4796 εἰπεῖν
1223 4727 1282 4795 οὐκ
1296 4727 1436 4807 Ιἔχομεν·
1460 4727 1480 4792 ὁ
1502 4727 1611 4810 μέντοι
1632 4726 1712 4794 autc
