<?xml version="1.0" encoding="UTF-8"?>
<!DOCTYPE html PUBLIC "-//W3C//DTD XHTML 1.0 Transitional//EN"
    "http://www.w3.org/TR/xhtml1/DTD/xhtml1-transitional.dtd">
<html xmlns="http://www.w3.org/1999/xhtml" xml:lang="en" lang="en">
 <head>
  <title>
</title>
<meta http-equiv="Content-Type" content="text/html;charset=utf-8" />
  <meta name='ocr-system' content='tesseract 3.04.00' />
  <meta name='ocr-capabilities' content='ocr_page ocr_carea ocr_par ocr_line ocrx_word'/>
</head>
<body>
  <div class='ocr_page' id='page_1' title='image "anthologiagraec00chrigoog_0104.png"; bbox 0 0 3800 5474; ppageno 0'>
   <div class='ocr_carea' id='block_1_1' title="bbox 322 415 1619 498">
    <p class='ocr_par' dir='ltr' id='par_1_1' title="bbox 322 415 1619 498">
     <span class='ocr_line' id='line_1_1' title="bbox 322 415 1619 498; baseline -0.005 -20"><span class='ocrx_word' id='word_1_1' title='bbox 322 425 386 478; x_wconf 88' lang='lat' dir='ltr'>LlB.</span> <span class='ocrx_word' id='word_1_2' title='bbox 402 423 449 478; x_wconf 88' lang='lat' dir='ltr'>lll.</span> <span class='ocrx_word' id='word_1_3' title='bbox 471 425 519 477; x_wconf 77' lang='lat' dir='ltr'>Du</span> <span class='ocrx_word' id='word_1_4' title='bbox 535 421 759 477; x_wconf 77' lang='lat' dir='ltr'>RHYTHMICIS</span> <span class='ocrx_word' id='word_1_5' title='bbox 774 421 926 476; x_wconf 78' lang='lat' dir='ltr'>LEGIBUS</span> <span class='ocrx_word' id='word_1_6' title='bbox 942 417 1137 475; x_wconf 82' lang='lat' dir='ltr'>CARMlNUM</span> <span class='ocrx_word' id='word_1_7' title='bbox 1153 417 1452 474; x_wconf 80' lang='lat' dir='ltr'>BYZANTlNOltUM.</span> <span class='ocrx_word' id='word_1_8' title='bbox 1534 415 1619 498; x_wconf 73' lang='lat' dir='ltr'>mlx</span> 
     </span>
    </p>
   </div>
   <div class='ocr_carea' id='block_1_2' title="bbox 212 565 1477 854">
    <p class='ocr_par' dir='ltr' id='par_1_2' title="bbox 212 565 1477 854">
     <span class='ocr_line' id='line_1_2' title="bbox 212 565 1477 656; baseline -0.005 -20"><span class='ocrx_word' id='word_1_9' title='bbox 212 592 287 650; x_wconf 81' lang='grc' dir='ltr'>(τιχ.</span> <span class='ocrx_word' id='word_1_10' title='bbox 306 570 341 652; x_wconf 82' lang='grc' dir='ltr'>β’.</span> <span class='ocrx_word' id='word_1_11' title='bbox 378 572 497 655; x_wconf 84' lang='grc' dir='ltr'>καὶτῷ</span> <span class='ocrx_word' id='word_1_12' title='bbox 519 571 594 656; x_wconf 84' lang='grc' dir='ltr'>θείῳ</span> <span class='ocrx_word' id='word_1_13' title='bbox 615 571 781 650; x_wconf 87' lang='grc' dir='ltr'>πνεύματι.</span> <span class='ocrx_word' id='word_1_14' title='bbox 909 589 985 647; x_wconf 85' lang='grc' dir='ltr'>ετιχ.</span> <span class='ocrx_word' id='word_1_15' title='bbox 1001 569 1036 640; x_wconf 83' lang='grc' dir='ltr'>ς’.</span> <span class='ocrx_word' id='word_1_16' title='bbox 1059 572 1117 632; x_wconf 83' lang='grc' dir='ltr'>τοῦ</span> <span class='ocrx_word' id='word_1_17' title='bbox 1139 569 1323 647; x_wconf 85' lang='grc' dir='ltr'>πνεύματοε</span> <span class='ocrx_word' id='word_1_18' title='bbox 1345 565 1477 646; x_wconf 89' lang='grc' dir='ltr'>ὄργανα.</span> 
     </span>
     <span class='ocr_line' id='line_1_3' title="bbox 373 670 1436 752; baseline -0.007 -14"><span class='ocrx_word' id='word_1_19' title='bbox 373 677 430 738; x_wconf 81' lang='grc' dir='ltr'>τοῦ</span> <span class='ocrx_word' id='word_1_20' title='bbox 452 671 546 749; x_wconf 84' lang='grc' dir='ltr'>ἁγίου</span> <span class='ocrx_word' id='word_1_21' title='bbox 566 671 755 752; x_wconf 71' lang='grc' dir='ltr'>πνεύματος.</span> <span class='ocrx_word' id='word_1_22' title='bbox 1062 672 1166 748; x_wconf 82' lang='grc' dir='ltr'>πυρόε</span> <span class='ocrx_word' id='word_1_23' title='bbox 1188 670 1436 749; x_wconf 79' lang='grc' dir='ltr'>κατεφρόνηεαε.</span> 
     </span>
     <span class='ocr_line' id='line_1_4' title="bbox 374 771 1327 854; baseline -0.006 -16"><span class='ocrx_word' id='word_1_24' title='bbox 374 775 424 839; x_wconf 86' lang='grc' dir='ltr'>καὶ</span> <span class='ocrx_word' id='word_1_25' title='bbox 446 776 548 854; x_wconf 85' lang='grc' dir='ltr'>θυμὸν</span> <span class='ocrx_word' id='word_1_26' title='bbox 571 775 760 852; x_wconf 83' lang='grc' dir='ltr'>κινήεαντεε.</span> <span class='ocrx_word' id='word_1_27' title='bbox 1063 771 1153 838; x_wconf 79' lang='grc' dir='ltr'>ὄνυξι</span> <span class='ocrx_word' id='word_1_28' title='bbox 1174 771 1327 849; x_wconf 78' lang='grc' dir='ltr'>ξεόμενοι.</span> 
     </span>
    </p>
   </div>
   <div class='ocr_carea' id='block_1_3' title="bbox 168 905 1624 3122">
    <p class='ocr_par' dir='ltr' id='par_1_3' title="bbox 168 905 1624 1704">
     <span class='ocr_line' id='line_1_5' title="bbox 255 905 1624 995; baseline -0.004 -22"><span class='ocrx_word' id='word_1_29' title='bbox 255 910 320 974; x_wconf 84' lang='lat' dir='ltr'>Sed</span> <span class='ocrx_word' id='word_1_30' title='bbox 347 909 408 973; x_wconf 85' lang='lat' dir='ltr'>hac</span> <span class='ocrx_word' id='word_1_31' title='bbox 436 908 676 995; x_wconf 82' lang='lat' dir='ltr'><strong>discrepantiae</strong></span> <span class='ocrx_word' id='word_1_32' title='bbox 704 929 859 972; x_wconf 88' lang='lat' dir='ltr'>versuum</span> <span class='ocrx_word' id='word_1_33' title='bbox 887 908 950 970; x_wconf 88' lang='lat' dir='ltr'>sibi</span> <span class='ocrx_word' id='word_1_34' title='bbox 980 906 1248 993; x_wconf 80' lang='lat' dir='ltr'>respondentium</span> <span class='ocrx_word' id='word_1_35' title='bbox 1271 905 1470 969; x_wconf 80' lang='lat' dir='ltr'>leviusculao</span> <span class='ocrx_word' id='word_1_36' title='bbox 1493 914 1569 969; x_wconf 89' lang='lat' dir='ltr'>sunt</span> <span class='ocrx_word' id='word_1_37' title='bbox 1592 915 1624 968; x_wconf 89' lang='lat' dir='ltr'>et</span> 
     </span>
     <span class='ocr_line' id='line_1_6' title="bbox 170 1005 1622 1095; baseline -0.002 -21"><span class='ocrx_word' id='word_1_38' title='bbox 170 1033 211 1075; x_wconf 86' lang='lat' dir='ltr'>cx</span> <span class='ocrx_word' id='word_1_39' title='bbox 226 1011 398 1076; x_wconf 90' lang='lat' dir='ltr'>modorum</span> <span class='ocrx_word' id='word_1_40' title='bbox 415 1009 655 1075; x_wconf 81' lang='lat' dir='ltr'>variationibus</span> <span class='ocrx_word' id='word_1_41' title='bbox 671 1007 800 1073; x_wconf 82' lang='lat' dir='ltr'>facilem</span> <span class='ocrx_word' id='word_1_42' title='bbox 817 1007 1016 1095; x_wconf 87' lang='lat' dir='ltr'>explicatum</span> <span class='ocrx_word' id='word_1_43' title='bbox 1033 1007 1163 1072; x_wconf 88' lang='lat' dir='ltr'>babent.</span> <span class='ocrx_word' id='word_1_44' title='bbox 1194 1005 1299 1071; x_wconf 88' lang='lat' dir='ltr'>Multo</span> <span class='ocrx_word' id='word_1_45' title='bbox 1314 1008 1449 1091; x_wconf 87' lang='lat' dir='ltr'>gravius</span> <span class='ocrx_word' id='word_1_46' title='bbox 1465 1005 1545 1072; x_wconf 89' lang='lat' dir='ltr'>illud</span> <span class='ocrx_word' id='word_1_47' title='bbox 1562 1017 1622 1086; x_wconf 83' lang='lat' dir='ltr'>cst,</span> 
     </span>
     <span class='ocr_line' id='line_1_7' title="bbox 170 1108 1622 1199; baseline -0.002 -25"><span class='ocrx_word' id='word_1_48' title='bbox 170 1112 379 1198; x_wconf 84' lang='lat' dir='ltr'>quodetiam</span> <span class='ocrx_word' id='word_1_49' title='bbox 402 1133 536 1175; x_wconf 90' lang='lat' dir='ltr'>numero</span> <span class='ocrx_word' id='word_1_50' title='bbox 559 1109 760 1199; x_wconf 84' lang='lat' dir='ltr'>syllabarum</span> <span class='ocrx_word' id='word_1_51' title='bbox 784 1120 836 1174; x_wconf 89' lang='lat' dir='ltr'>sat</span> <span class='ocrx_word' id='word_1_52' title='bbox 857 1109 950 1174; x_wconf 85' lang='lat' dir='ltr'>multi</span> <span class='ocrx_word' id='word_1_53' title='bbox 975 1129 1089 1174; x_wconf 87' lang='lat' dir='ltr'>versus</span> <span class='ocrx_word' id='word_1_54' title='bbox 1113 1108 1176 1174; x_wconf 89' lang='lat' dir='ltr'>sibi</span> <span class='ocrx_word' id='word_1_55' title='bbox 1200 1109 1434 1196; x_wconf 86' lang='lat' dir='ltr'>respondentes</span> <span class='ocrx_word' id='word_1_56' title='bbox 1458 1109 1622 1186; x_wconf 81' lang='lat' dir='ltr'>differunt,</span> 
     </span>
     <span class='ocr_line' id='line_1_8' title="bbox 170 1206 1622 1298; baseline -0.003 -22"><span class='ocrx_word' id='word_1_57' title='bbox 170 1215 261 1277; x_wconf 88' lang='lat' dir='ltr'>cuius</span> <span class='ocrx_word' id='word_1_58' title='bbox 283 1214 330 1276; x_wconf 90' lang='lat' dir='ltr'>rei</span> <span class='ocrx_word' id='word_1_59' title='bbox 353 1234 453 1298; x_wconf 89' lang='lat' dir='ltr'>supra</span> <span class='ocrx_word' id='word_1_60' title='bbox 474 1214 539 1276; x_wconf 87' lang='lat' dir='ltr'>iam</span> <span class='ocrx_word' id='word_1_61' title='bbox 563 1212 757 1276; x_wconf 90' lang='lat' dir='ltr'>mentionem</span> <span class='ocrx_word' id='word_1_62' title='bbox 782 1206 889 1275; x_wconf 86' lang='lat' dir='ltr'>inieci.</span> <span class='ocrx_word' id='word_1_63' title='bbox 928 1213 1039 1297; x_wconf 90' lang='lat' dir='ltr'>Atque</span> <span class='ocrx_word' id='word_1_64' title='bbox 1055 1211 1151 1296; x_wconf 88' lang='lat' dir='ltr'>longe</span> <span class='ocrx_word' id='word_1_65' title='bbox 1166 1209 1324 1296; x_wconf 89' lang='lat' dir='ltr'>plurimae</span> <span class='ocrx_word' id='word_1_66' title='bbox 1346 1209 1478 1296; x_wconf 87' lang='lat' dir='ltr'>quidem</span> <span class='ocrx_word' id='word_1_67' title='bbox 1501 1211 1622 1274; x_wconf 90' lang='lat' dir='ltr'>discre-</span> 
     </span>
     <span class='ocr_line' id='line_1_9' title="bbox 169 1310 1623 1402; baseline -0.003 -24"><span class='ocrx_word' id='word_1_68' title='bbox 169 1316 299 1402; x_wconf 90' lang='lat' dir='ltr'>pantiae</span> <span class='ocrx_word' id='word_1_69' title='bbox 321 1314 363 1378; x_wconf 89' lang='lat' dir='ltr'>ad</span> <span class='ocrx_word' id='word_1_70' title='bbox 386 1316 548 1378; x_wconf 82' lang='lat' dir='ltr'>clausulas</span> <span class='ocrx_word' id='word_1_71' title='bbox 564 1335 718 1378; x_wconf 87' lang='lat' dir='ltr'>versuum</span> <span class='ocrx_word' id='word_1_72' title='bbox 742 1315 922 1400; x_wconf 87' lang='lat' dir='ltr'>pertinent,</span> <span class='ocrx_word' id='word_1_73' title='bbox 946 1322 1066 1376; x_wconf 81' lang='lat' dir='ltr'>etcum</span> <span class='ocrx_word' id='word_1_74' title='bbox 1082 1311 1256 1399; x_wconf 85' lang='lat' dir='ltr'>protractis</span> <span class='ocrx_word' id='word_1_75' title='bbox 1275 1311 1380 1375; x_wconf 89' lang='lat' dir='ltr'>modis</span> <span class='ocrx_word' id='word_1_76' title='bbox 1404 1310 1623 1376; x_wconf 86' lang='lat' dir='ltr'>clausularum</span> 
     </span>
     <span class='ocr_line' id='line_1_10' title="bbox 169 1413 1624 1503; baseline -0.001 -23"><span class='ocrx_word' id='word_1_77' title='bbox 169 1415 353 1480; x_wconf 87' lang='lat' dir='ltr'>cohaerent.</span> <span class='ocrx_word' id='word_1_78' title='bbox 399 1415 555 1503; x_wconf 87' lang='lat' dir='ltr'>Inprimis</span> <span class='ocrx_word' id='word_1_79' title='bbox 578 1435 636 1501; x_wconf 86' lang='lat' dir='ltr'>pes</span> <span class='ocrx_word' id='word_1_80' title='bbox 658 1415 816 1496; x_wconf 86' lang='lat' dir='ltr'>creticus,</span> <span class='ocrx_word' id='word_1_81' title='bbox 840 1423 875 1478; x_wconf 91' lang='lat' dir='ltr'>ut</span> <span class='ocrx_word' id='word_1_82' title='bbox 896 1415 1032 1478; x_wconf 88' lang='lat' dir='ltr'>metrica</span> <span class='ocrx_word' id='word_1_83' title='bbox 1054 1415 1187 1478; x_wconf 88' lang='lat' dir='ltr'>nomina</span> <span class='ocrx_word' id='word_1_84' title='bbox 1207 1413 1250 1477; x_wconf 93' lang='lat' dir='ltr'>ad</span> <span class='ocrx_word' id='word_1_85' title='bbox 1273 1414 1459 1499; x_wconf 84' lang='lat' dir='ltr'>rhythmica</span> <span class='ocrx_word' id='word_1_86' title='bbox 1481 1413 1624 1478; x_wconf 80' lang='lat' dir='ltr'>earmina</span> 
     </span>
     <span class='ocr_line' id='line_1_11' title="bbox 168 1515 1624 1603; baseline -0.003 -22"><span class='ocrx_word' id='word_1_87' title='bbox 168 1519 379 1600; x_wconf 83' lang='lat' dir='ltr'>transferam,</span> <span class='ocrx_word' id='word_1_88' title='bbox 415 1525 481 1580; x_wconf 91' lang='lat' dir='ltr'>tam</span> <span class='ocrx_word' id='word_1_89' title='bbox 510 1537 607 1603; x_wconf 86' lang='lat' dir='ltr'>saepo</span> <span class='ocrx_word' id='word_1_90' title='bbox 641 1539 714 1580; x_wconf 89' lang='lat' dir='ltr'>cum</span> <span class='ocrx_word' id='word_1_91' title='bbox 747 1515 967 1581; x_wconf 88' lang='lat' dir='ltr'>choriambico</span> <span class='ocrx_word' id='word_1_92' title='bbox 1001 1523 1218 1580; x_wconf 85' lang='lat' dir='ltr'>commutatus</span> <span class='ocrx_word' id='word_1_93' title='bbox 1246 1515 1427 1598; x_wconf 84' lang='lat' dir='ltr'>invenitur,</span> <span class='ocrx_word' id='word_1_94' title='bbox 1456 1525 1492 1580; x_wconf 90' lang='lat' dir='ltr'>ut</span> <span class='ocrx_word' id='word_1_95' title='bbox 1520 1535 1624 1601; x_wconf 88' lang='lat' dir='ltr'>pauca</span> 
     </span>
     <span class='ocr_line' id='line_1_12' title="bbox 171 1617 856 1704; baseline -0.003 -22"><span class='ocrx_word' id='word_1_96' title='bbox 171 1617 323 1704; x_wconf 87' lang='lat' dir='ltr'>exempla</span> <span class='ocrx_word' id='word_1_97' title='bbox 345 1619 462 1684; x_wconf 86' lang='lat' dir='ltr'>afferre</span> <span class='ocrx_word' id='word_1_98' title='bbox 484 1618 563 1682; x_wconf 86' lang='lat' dir='ltr'>satis</span> <span class='ocrx_word' id='word_1_99' title='bbox 588 1639 659 1681; x_wconf 88' lang='lat' dir='ltr'>esse</span> <span class='ocrx_word' id='word_1_100' title='bbox 681 1618 856 1682; x_wconf 87' lang='lat' dir='ltr'>ducamus:</span> 
     </span>
    </p>

    <p class='ocr_par' dir='ltr' id='par_1_4' title="bbox 212 1719 1623 3122">
     <span class='ocr_line' id='line_1_13' title="bbox 346 1719 1363 1806; baseline -0.004 -21"><span class='ocrx_word' id='word_1_101' title='bbox 346 1721 418 1786; x_wconf 90' lang='grc' dir='ltr'>Καθ.</span> <span class='ocrx_word' id='word_1_102' title='bbox 436 1719 496 1801; x_wconf 87' lang='lat' dir='ltr'>IV,</span> <span class='ocrx_word' id='word_1_103' title='bbox 515 1721 550 1781; x_wconf 91' lang='lat'>1:</span> <span class='ocrx_word' id='word_1_104' title='bbox 573 1721 653 1799; x_wconf 87' lang='grc' dir='ltr'>ταχὺ</span> <span class='ocrx_word' id='word_1_105' title='bbox 675 1721 898 1801; x_wconf 86' lang='grc' dir='ltr'>προκατάλαβε</span> <span class='ocrx_word' id='word_1_106' title='bbox 924 1722 928 1806; x_wconf 98' lang='grc' dir='ltr'>Ι</span> <span class='ocrx_word' id='word_1_107' title='bbox 952 1722 1026 1800; x_wconf 87' lang='grc' dir='ltr'>πρὶν</span> <span class='ocrx_word' id='word_1_108' title='bbox 1050 1723 1251 1797; x_wconf 82' lang='grc' dir='ltr'>δουλωθῆναι</span> <span class='ocrx_word' id='word_1_109' title='bbox 1274 1721 1363 1798; x_wconf 84' lang='grc' dir='ltr'>ἡμᾶε.</span> 
     </span>
     <span class='ocr_line' id='line_1_14' title="bbox 574 1820 1198 1905; baseline -0.005 -20"><span class='ocrx_word' id='word_1_110' title='bbox 574 1823 614 1885; x_wconf 86' lang='grc' dir='ltr'>τὰ</span> <span class='ocrx_word' id='word_1_111' title='bbox 637 1820 747 1900; x_wconf 81' lang='grc' dir='ltr'>ῥεῖθρα</span> <span class='ocrx_word' id='word_1_112' title='bbox 768 1821 899 1901; x_wconf 84' lang='grc' dir='ltr'>ἡγίαεαε</span> <span class='ocrx_word' id='word_1_113' title='bbox 924 1825 928 1905; x_wconf 89' lang='grc' dir='ltr'>Ι</span> <span class='ocrx_word' id='word_1_114' title='bbox 951 1824 991 1886; x_wconf 86' lang='grc' dir='ltr'>τὰ</span> <span class='ocrx_word' id='word_1_115' title='bbox 1014 1823 1198 1902; x_wconf 83' lang='grc' dir='ltr'>Ἰοροοίνεια.</span> 
     </span>
     <span class='ocr_line' id='line_1_15' title="bbox 345 1920 913 2003; baseline -0.004 -17"><span class='ocrx_word' id='word_1_116' title='bbox 345 1920 546 2000; x_wconf 74' lang='lat' dir='ltr'>uuo.1v‚o:</span> <span class='ocrx_word' id='word_1_117' title='bbox 571 1923 649 2002; x_wconf 90' lang='grc' dir='ltr'>μόνε</span> <span class='ocrx_word' id='word_1_118' title='bbox 673 1925 913 2003; x_wconf 73' lang='grc' dir='ltr'>φιλάνθρωπος.</span> 
     </span>
     <span class='ocr_line' id='line_1_16' title="bbox 577 2023 982 2105; baseline 0 -17"><span class='ocrx_word' id='word_1_119' title='bbox 577 2023 666 2103; x_wconf 82' lang='grc' dir='ltr'>ῥύεαι</span> <span class='ocrx_word' id='word_1_120' title='bbox 688 2025 770 2104; x_wconf 81' lang='grc' dir='ltr'>ἡμᾶε</span> <span class='ocrx_word' id='word_1_121' title='bbox 790 2030 982 2105; x_wconf 86' lang='grc' dir='ltr'>πειραεμῶν.</span> 
     </span>
     <span class='ocr_line' id='line_1_17' title="bbox 298 2121 1315 2212; baseline -0.002 -22"><span class='ocrx_word' id='word_1_122' title='bbox 298 2126 444 2204; x_wconf 79' lang='grc' dir='ltr'>Προεομ.</span> <span class='ocrx_word' id='word_1_123' title='bbox 460 2121 507 2204; x_wconf 87' lang='grc' dir='ltr'>ΙΙ,</span> <span class='ocrx_word' id='word_1_124' title='bbox 521 2125 553 2187; x_wconf 93' lang='lat' dir='ltr'>l:</span> <span class='ocrx_word' id='word_1_125' title='bbox 576 2129 643 2190; x_wconf 87' lang='grc' dir='ltr'>τῶν</span> <span class='ocrx_word' id='word_1_126' title='bbox 666 2126 827 2206; x_wconf 87' lang='grc' dir='ltr'>οὐρανίων</span> <span class='ocrx_word' id='word_1_127' title='bbox 844 2127 1015 2205; x_wconf 86' lang='grc' dir='ltr'>ταγμάτων</span> <span class='ocrx_word' id='word_1_128' title='bbox 1041 2127 1045 2212; x_wconf 98' lang='grc' dir='ltr'>Ι</span> <span class='ocrx_word' id='word_1_129' title='bbox 1067 2127 1105 2191; x_wconf 88' lang='grc' dir='ltr'>τὸ</span> <span class='ocrx_word' id='word_1_130' title='bbox 1128 2125 1315 2206; x_wconf 85' lang='grc' dir='ltr'>ἀγαλλίαμα.</span> 
     </span>
     <span class='ocr_line' id='line_1_18' title="bbox 575 2225 1337 2312; baseline 0.004 -23"><span class='ocrx_word' id='word_1_131' title='bbox 575 2225 800 2306; x_wconf 84' lang='grc' dir='ltr'>ἡθεοκίνητοε</span> <span class='ocrx_word' id='word_1_132' title='bbox 825 2229 906 2309; x_wconf 83' lang='grc' dir='ltr'>λύρα</span> <span class='ocrx_word' id='word_1_133' title='bbox 930 2229 934 2312; x_wconf 95' lang='grc' dir='ltr'>Ι</span> <span class='ocrx_word' id='word_1_134' title='bbox 957 2232 1024 2294; x_wconf 87' lang='grc' dir='ltr'>τῶν</span> <span class='ocrx_word' id='word_1_135' title='bbox 1048 2228 1209 2308; x_wconf 88' lang='grc' dir='ltr'>οὐρανίων</span> <span class='ocrx_word' id='word_1_136' title='bbox 1232 2230 1337 2312; x_wconf 83' lang='grc' dir='ltr'>ᾡοῶν.</span> 
     </span>
     <span class='ocr_line' id='line_1_19' title="bbox 223 2325 1329 2412; baseline 0 -20"><span class='ocrx_word' id='word_1_137' title='bbox 223 2328 358 2392; x_wconf 85' lang='lat' dir='ltr'>Roman.</span> <span class='ocrx_word' id='word_1_138' title='bbox 376 2347 432 2388; x_wconf 87' lang='lat' dir='ltr'>vv.</span> <span class='ocrx_word' id='word_1_139' title='bbox 449 2325 481 2404; x_wconf 83' lang='lat'>6,</span> <span class='ocrx_word' id='word_1_140' title='bbox 497 2325 553 2389; x_wconf 77' lang='lat'>47:</span> <span class='ocrx_word' id='word_1_141' title='bbox 576 2329 628 2392; x_wconf 89' lang='grc' dir='ltr'>καλ</span> <span class='ocrx_word' id='word_1_142' title='bbox 649 2328 817 2408; x_wconf 83' lang='grc' dir='ltr'>οιοὰεκων,</span> <span class='ocrx_word' id='word_1_143' title='bbox 840 2331 945 2411; x_wconf 84' lang='grc' dir='ltr'>φηεὶν,</span> <span class='ocrx_word' id='word_1_144' title='bbox 971 2329 975 2412; x_wconf 95' lang='grc' dir='ltr'>Ι</span> <span class='ocrx_word' id='word_1_145' title='bbox 999 2329 1095 2395; x_wconf 81' lang='grc' dir='ltr'>οὖτοε</span> <span class='ocrx_word' id='word_1_146' title='bbox 1118 2330 1215 2409; x_wconf 89' lang='grc' dir='ltr'>μέγαε</span> <span class='ocrx_word' id='word_1_147' title='bbox 1238 2329 1329 2406; x_wconf 63' lang='lat' dir='ltr'>kris.</span> 
     </span>
     <span class='ocr_line' id='line_1_20' title="bbox 576 2429 1623 2514; baseline 0.002 -22"><span class='ocrx_word' id='word_1_148' title='bbox 576 2430 626 2492; x_wconf 89' lang='grc' dir='ltr'>καὶ</span> <span class='ocrx_word' id='word_1_149' title='bbox 648 2432 760 2510; x_wconf 85' lang='grc' dir='ltr'>μικρὸν</span> <span class='ocrx_word' id='word_1_150' title='bbox 782 2430 828 2496; x_wconf 74' lang='lat' dir='ltr'>dic</span> <span class='ocrx_word' id='word_1_151' title='bbox 849 2434 969 2496; x_wconf 71' lang='grc' dir='ltr'>δειλοῖς</span> <span class='ocrx_word' id='word_1_152' title='bbox 992 2429 996 2514; x_wconf 96' lang='grc' dir='ltr'>Ι</span> <span class='ocrx_word' id='word_1_153' title='bbox 1021 2430 1248 2510; x_wconf 70' lang='grc' dir='ltr'>αἰνιττόμενοι.</span> <span class='ocrx_word' id='word_1_154' title='bbox 1291 2429 1377 2493; x_wconf 88' lang='lat' dir='ltr'>conf.</span> <span class='ocrx_word' id='word_1_155' title='bbox 1407 2451 1461 2492; x_wconf 93' lang='lat' dir='ltr'>vv.</span> <span class='ocrx_word' id='word_1_156' title='bbox 1494 2432 1548 2506; x_wconf 86' lang='lat'>11,</span> <span class='ocrx_word' id='word_1_157' title='bbox 1574 2432 1623 2512; x_wconf 83' lang='grc'>19,</span> 
     </span>
     <span class='ocr_line' id='line_1_21' title="bbox 212 2522 1622 2617; baseline 0 -24"><span class='ocrx_word' id='word_1_158' title='bbox 212 2529 404 2616; x_wconf 83' lang='lat' dir='ltr'>Theophan.</span> <span class='ocrx_word' id='word_1_159' title='bbox 422 2529 447 2605; x_wconf 86' lang='lat'>1,</span> <span class='ocrx_word' id='word_1_160' title='bbox 463 2522 501 2608; x_wconf 86' lang='grc' dir='ltr'>γ’,</span> <span class='ocrx_word' id='word_1_161' title='bbox 516 2529 555 2591; x_wconf 83' lang='lat'>4:</span> <span class='ocrx_word' id='word_1_162' title='bbox 578 2529 597 2608; x_wconf 89' lang='grc' dir='ltr'>ἡ</span> <span class='ocrx_word' id='word_1_163' title='bbox 619 2537 685 2597; x_wconf 87' lang='grc' dir='ltr'>τῶν</span> <span class='ocrx_word' id='word_1_164' title='bbox 709 2531 814 2599; x_wconf 84' lang='grc' dir='ltr'>ἐθνῶν</span> <span class='ocrx_word' id='word_1_165' title='bbox 837 2532 967 2597; x_wconf 86' lang='grc' dir='ltr'>ἐλπὶεὸ</span> <span class='ocrx_word' id='word_1_166' title='bbox 993 2532 1131 2611; x_wconf 84' lang='grc' dir='ltr'>Χριετόε.</span> <span class='ocrx_word' id='word_1_167' title='bbox 1490 2531 1554 2617; x_wconf 72' lang='grc' dir='ltr'>Ιθῖ,</span> <span class='ocrx_word' id='word_1_168' title='bbox 1570 2532 1622 2594; x_wconf 81' lang='lat'>24.</span> 
     </span>
     <span class='ocr_line' id='line_1_22' title="bbox 576 2630 1581 2715; baseline -0.001 -19"><span class='ocrx_word' id='word_1_169' title='bbox 576 2633 613 2696; x_wconf 89' lang='grc' dir='ltr'>τὸ</span> <span class='ocrx_word' id='word_1_170' title='bbox 635 2637 760 2712; x_wconf 81' lang='grc' dir='ltr'>πνεῦμα</span> <span class='ocrx_word' id='word_1_171' title='bbox 782 2635 876 2698; x_wconf 81' lang='grc' dir='ltr'>δὲτὸ</span> <span class='ocrx_word' id='word_1_172' title='bbox 899 2634 1001 2710; x_wconf 90' lang='grc' dir='ltr'>ἅγιον.</span> <span class='ocrx_word' id='word_1_173' title='bbox 1023 2632 1111 2696; x_wconf 86' lang='lat' dir='ltr'>conf.</span> <span class='ocrx_word' id='word_1_174' title='bbox 1127 2632 1162 2714; x_wconf 87' lang='grc' dir='ltr'>ε’,</span> <span class='ocrx_word' id='word_1_175' title='bbox 1177 2633 1209 2695; x_wconf 88' lang='grc'>4.</span> <span class='ocrx_word' id='word_1_176' title='bbox 1233 2631 1271 2715; x_wconf 73' lang='grc' dir='ltr'>ς’,</span> <span class='ocrx_word' id='word_1_177' title='bbox 1287 2631 1318 2696; x_wconf 91' lang='grc'>6.</span> <span class='ocrx_word' id='word_1_178' title='bbox 1341 2635 1377 2713; x_wconf 86' lang='grc' dir='ltr'>ζ’,</span> <span class='ocrx_word' id='word_1_179' title='bbox 1393 2633 1422 2696; x_wconf 91' lang='grc'>3.</span> <span class='ocrx_word' id='word_1_180' title='bbox 1447 2630 1486 2712; x_wconf 85' lang='grc' dir='ltr'>η’,</span> <span class='ocrx_word' id='word_1_181' title='bbox 1503 2633 1535 2714; x_wconf 78' lang='grc'>2,</span> <span class='ocrx_word' id='word_1_182' title='bbox 1551 2635 1581 2696; x_wconf 89' lang='lat'>3.</span> 
     </span>
     <span class='ocr_line' id='line_1_23' title="bbox 212 2729 1376 2818; baseline 0.002 -22"><span class='ocrx_word' id='word_1_183' title='bbox 212 2732 350 2796; x_wconf 85' lang='lat' dir='ltr'>Ioannes</span> <span class='ocrx_word' id='word_1_184' title='bbox 367 2729 551 2810; x_wconf 80' lang='lat' dir='ltr'><strong>v11‚z‘,3:</strong></span> <span class='ocrx_word' id='word_1_185' title='bbox 576 2732 660 2798; x_wconf 85' lang='grc' dir='ltr'>ἀλλὰ</span> <span class='ocrx_word' id='word_1_186' title='bbox 682 2736 785 2814; x_wconf 85' lang='grc' dir='ltr'>πυρὸε</span> <span class='ocrx_word' id='word_1_187' title='bbox 807 2734 941 2814; x_wconf 83' lang='grc' dir='ltr'>ἀπειλὴν</span> <span class='ocrx_word' id='word_1_188' title='bbox 967 2735 971 2818; x_wconf 96' lang='grc' dir='ltr'>Ι</span> <span class='ocrx_word' id='word_1_189' title='bbox 994 2734 1150 2814; x_wconf 72' lang='grc' dir='ltr'>ἀνδρείως</span> <span class='ocrx_word' id='word_1_190' title='bbox 1172 2735 1376 2813; x_wconf 85' lang='grc' dir='ltr'>πατήεαντεε.</span> 
     </span>
     <span class='ocr_line' id='line_1_24' title="bbox 575 2835 1429 2919; baseline 0.001 -19"><span class='ocrx_word' id='word_1_191' title='bbox 575 2837 632 2914; x_wconf 86' lang='grc' dir='ltr'>τὴν</span> <span class='ocrx_word' id='word_1_192' title='bbox 655 2837 778 2914; x_wconf 89' lang='grc' dir='ltr'>μνήμην</span> <span class='ocrx_word' id='word_1_193' title='bbox 801 2837 949 2917; x_wconf 81' lang='grc' dir='ltr'>(έβοντεε</span> <span class='ocrx_word' id='word_1_194' title='bbox 974 2835 977 2919; x_wconf 98' lang='grc' dir='ltr'>Ι</span> <span class='ocrx_word' id='word_1_195' title='bbox 1001 2835 1171 2915; x_wconf 83' lang='grc' dir='ltr'>πρεεβύται</span> <span class='ocrx_word' id='word_1_196' title='bbox 1194 2836 1244 2900; x_wconf 89' lang='grc' dir='ltr'>καὶ</span> <span class='ocrx_word' id='word_1_197' title='bbox 1266 2835 1429 2916; x_wconf 82' lang='grc' dir='ltr'>ἄρχοντεε.</span> 
     </span>
     <span class='ocr_line' id='line_1_25' title="bbox 214 2932 1436 3020; baseline 0.002 -20"><span class='ocrx_word' id='word_1_198' title='bbox 214 2935 323 3000; x_wconf 84' lang='lat' dir='ltr'>Cosm.</span> <span class='ocrx_word' id='word_1_199' title='bbox 340 2932 445 3016; x_wconf 88' lang='lat' dir='ltr'>XIII,</span> <span class='ocrx_word' id='word_1_200' title='bbox 461 2936 502 3018; x_wconf 84' lang='grc' dir='ltr'>α’,</span> <span class='ocrx_word' id='word_1_201' title='bbox 517 2935 552 2998; x_wconf 85' lang='grc'>3;</span> <span class='ocrx_word' id='word_1_202' title='bbox 578 2936 642 3001; x_wconf 88' lang='grc' dir='ltr'>ὑπὸ</span> <span class='ocrx_word' id='word_1_203' title='bbox 664 2941 725 3015; x_wconf 87' lang='grc' dir='ltr'>γῆν</span> <span class='ocrx_word' id='word_1_204' title='bbox 749 2938 893 3018; x_wconf 84' lang='grc' dir='ltr'>ἔκρυψαν</span> <span class='ocrx_word' id='word_1_205' title='bbox 918 2937 922 3020; x_wconf 97' lang='grc' dir='ltr'>Ι</span> <span class='ocrx_word' id='word_1_206' title='bbox 945 2940 1011 3002; x_wconf 85' lang='grc' dir='ltr'>τῶν</span> <span class='ocrx_word' id='word_1_207' title='bbox 1034 2937 1239 3014; x_wconf 79' lang='grc' dir='ltr'>εεεωεμένων</span> <span class='ocrx_word' id='word_1_208' title='bbox 1262 2935 1294 2999; x_wconf 92' lang='grc' dir='ltr'>οἱ</span> <span class='ocrx_word' id='word_1_209' title='bbox 1315 2941 1436 3002; x_wconf 83' lang='grc' dir='ltr'>ααῑοεε.</span> 
     </span>
     <span class='ocr_line' id='line_1_26' title="bbox 577 3037 1496 3122; baseline 0.001 -21"><span class='ocrx_word' id='word_1_210' title='bbox 577 3038 612 3102; x_wconf 88' lang='grc' dir='ltr'>ἐν</span> <span class='ocrx_word' id='word_1_211' title='bbox 635 3039 831 3104; x_wconf 87' lang='grc' dir='ltr'>κατωτάτοιε</span> <span class='ocrx_word' id='word_1_212' title='bbox 852 3039 909 3118; x_wconf 61' lang='lat' dir='ltr'>iiic</span> <span class='ocrx_word' id='word_1_213' title='bbox 930 3041 989 3116; x_wconf 82' lang='grc' dir='ltr'>γῆ(</span> <span class='ocrx_word' id='word_1_214' title='bbox 1009 3037 1012 3122; x_wconf 97' lang='grc' dir='ltr'>Ι</span> <span class='ocrx_word' id='word_1_215' title='bbox 1037 3038 1103 3102; x_wconf 85' lang='grc' dir='ltr'>ἀπὸ</span> <span class='ocrx_word' id='word_1_216' title='bbox 1124 3038 1185 3118; x_wconf 89' lang='grc' dir='ltr'>γάρ</span> <span class='ocrx_word' id='word_1_217' title='bbox 1209 3057 1271 3102; x_wconf 85' lang='lat' dir='ltr'>con</span> <span class='ocrx_word' id='word_1_218' title='bbox 1290 3039 1348 3103; x_wconf 86' lang='grc' dir='ltr'>οὐκ</span> <span class='ocrx_word' id='word_1_219' title='bbox 1371 3040 1496 3119; x_wconf 84' lang='grc' dir='ltr'>ἐκρύβη.</span> 
     </span>
    </p>
   </div>
   <div class='ocr_carea' id='block_1_4' title="bbox 105 3169 1625 4069">
    <p class='ocr_par' dir='ltr' id='par_1_5' title="bbox 105 3169 1625 4069">
     <span class='ocr_line' id='line_1_27' title="bbox 170 3169 1623 3258; baseline 0.001 -21"><span class='ocrx_word' id='word_1_220' title='bbox 170 3173 322 3256; x_wconf 86' lang='lat' dir='ltr'>Cognata</span> <span class='ocrx_word' id='word_1_221' title='bbox 343 3169 420 3234; x_wconf 90' lang='lat' dir='ltr'>huic</span> <span class='ocrx_word' id='word_1_222' title='bbox 442 3169 682 3257; x_wconf 87' lang='lat' dir='ltr'>discrepantiae</span> <span class='ocrx_word' id='word_1_223' title='bbox 705 3171 808 3238; x_wconf 87' lang='lat' dir='ltr'>altera</span> <span class='ocrx_word' id='word_1_224' title='bbox 830 3182 896 3254; x_wconf 85' lang='lat' dir='ltr'>cst,</span> <span class='ocrx_word' id='word_1_225' title='bbox 920 3195 983 3258; x_wconf 90' lang='lat' dir='ltr'>qua</span> <span class='ocrx_word' id='word_1_226' title='bbox 1005 3173 1063 3237; x_wconf 87' lang='lat' dir='ltr'>lros</span> <span class='ocrx_word' id='word_1_227' title='bbox 1079 3171 1179 3258; x_wconf 88' lang='lat' dir='ltr'>pedes</span> <span class='ocrx_word' id='word_1_228' title='bbox 1203 3214 1220 3224; x_wconf 96' lang='lat'><em>-</em></span> <span class='ocrx_word' id='word_1_229' title='bbox 1239 3207 1256 3224; x_wconf 75' lang='grc' dir='ltr'>ν</span> <span class='ocrx_word' id='word_1_230' title='bbox 1275 3209 1292 3227; x_wconf 67' lang='grc' dir='ltr'>υ</span> <span class='ocrx_word' id='word_1_231' title='bbox 1310 3217 1327 3226; x_wconf 87' lang='grc'>-</span> <span class='ocrx_word' id='word_1_232' title='bbox 1352 3182 1384 3236; x_wconf 87' lang='lat' dir='ltr'>et</span> <span class='ocrx_word' id='word_1_233' title='bbox 1405 3208 1569 3230; x_wconf 64' lang='grc' dir='ltr'>ννννν</span> <span class='ocrx_word' id='word_1_234' title='bbox 1591 3176 1623 3238; x_wconf 92' lang='lat' dir='ltr'>in</span> 
     </span>
     <span class='ocr_line' id='line_1_28' title="bbox 170 3270 1625 3360; baseline 0.001 -24"><span class='ocrx_word' id='word_1_235' title='bbox 170 3270 326 3338; x_wconf 83' lang='lat' dir='ltr'>clausulis</span> <span class='ocrx_word' id='word_1_236' title='bbox 359 3281 656 3356; x_wconf 80' lang='lat' dir='ltr'>commutaverunt3</span> <span class='ocrx_word' id='word_1_237' title='bbox 693 3275 751 3338; x_wconf 88' lang='lat' dir='ltr'>sed</span> <span class='ocrx_word' id='word_1_238' title='bbox 781 3283 817 3338; x_wconf 87' lang='lat' dir='ltr'>ut</span> <span class='ocrx_word' id='word_1_239' title='bbox 850 3273 937 3339; x_wconf 89' lang='lat' dir='ltr'>illius</span> <span class='ocrx_word' id='word_1_240' title='bbox 971 3274 1183 3355; x_wconf 85' lang='lat' dir='ltr'>creberrima,</span> <span class='ocrx_word' id='word_1_241' title='bbox 1219 3274 1265 3338; x_wconf 89' lang='lat' dir='ltr'>sic</span> <span class='ocrx_word' id='word_1_242' title='bbox 1297 3274 1394 3339; x_wconf 86' lang='lat' dir='ltr'>huius</span> <span class='ocrx_word' id='word_1_243' title='bbox 1427 3277 1625 3360; x_wconf 87' lang='lat' dir='ltr'>paucissima</span> 
     </span>
     <span class='ocr_line' id='line_1_29' title="bbox 105 3373 551 3459; baseline 0 -22"><span class='ocrx_word' id='word_1_244' title='bbox 105 3453 109 3458; x_wconf 32' lang='lat'>‚</span> <span class='ocrx_word' id='word_1_245' title='bbox 171 3374 323 3459; x_wconf 86' lang='lat' dir='ltr'>exempla</span> <span class='ocrx_word' id='word_1_246' title='bbox 344 3381 436 3455; x_wconf 87' lang='lat' dir='ltr'>sunt,</span> <span class='ocrx_word' id='word_1_247' title='bbox 459 3373 551 3438; x_wconf 91' lang='lat' dir='ltr'>velut</span> 
     </span>
     <span class='ocr_line' id='line_1_30' title="bbox 326 3473 1018 3558; baseline 0 -18"><span class='ocrx_word' id='word_1_248' title='bbox 326 3476 399 3540; x_wconf 90' lang='grc' dir='ltr'>Καθ.</span> <span class='ocrx_word' id='word_1_249' title='bbox 415 3473 500 3558; x_wconf 86' lang='lat' dir='ltr'>v11,</span> <span class='ocrx_word' id='word_1_250' title='bbox 519 3475 552 3537; x_wconf 89' lang='lat'>1:</span> <span class='ocrx_word' id='word_1_251' title='bbox 575 3478 614 3541; x_wconf 84' lang='grc' dir='ltr'>τὸ</span> <span class='ocrx_word' id='word_1_252' title='bbox 636 3479 836 3557; x_wconf 82' lang='grc' dir='ltr'>προεταχθὲν</span> <span class='ocrx_word' id='word_1_253' title='bbox 858 3483 1018 3557; x_wconf 85' lang='grc' dir='ltr'>μυετικωε.</span> 
     </span>
     <span class='ocr_line' id='line_1_31' title="bbox 577 3577 1004 3661; baseline -0.002 -19"><span class='ocrx_word' id='word_1_254' title='bbox 577 3577 596 3642; x_wconf 88' lang='grc' dir='ltr'>ὁ</span> <span class='ocrx_word' id='word_1_255' title='bbox 618 3578 670 3643; x_wconf 85' lang='grc' dir='ltr'>ἐπὶ</span> <span class='ocrx_word' id='word_1_256' title='bbox 692 3579 813 3658; x_wconf 87' lang='grc' dir='ltr'>θρόνου</span> <span class='ocrx_word' id='word_1_257' title='bbox 837 3578 1004 3661; x_wconf 86' lang='grc' dir='ltr'>Χερουβίμ.</span> 
     </span>
     <span class='ocr_line' id='line_1_32' title="bbox 279 3676 1277 3766; baseline 0.004 -26"><span class='ocrx_word' id='word_1_258' title='bbox 279 3677 442 3760; x_wconf 84' lang='lat' dir='ltr'>Ioan.VI‚</span> <span class='ocrx_word' id='word_1_259' title='bbox 458 3676 499 3760; x_wconf 82' lang='grc' dir='ltr'>α’,</span> <span class='ocrx_word' id='word_1_260' title='bbox 518 3682 551 3741; x_wconf 88' lang='lat'>1:</span> <span class='ocrx_word' id='word_1_261' title='bbox 573 3686 619 3764; x_wconf 85' lang='grc' dir='ltr'>τῷ</span> <span class='ocrx_word' id='word_1_262' title='bbox 641 3683 758 3760; x_wconf 81' lang='grc' dir='ltr'>εωτῆρι</span> <span class='ocrx_word' id='word_1_263' title='bbox 780 3686 844 3764; x_wconf 84' lang='grc' dir='ltr'>θεῷ</span> <span class='ocrx_word' id='word_1_264' title='bbox 868 3681 872 3764; x_wconf 95' lang='grc' dir='ltr'>Ι</span> <span class='ocrx_word' id='word_1_265' title='bbox 896 3687 941 3766; x_wconf 81' lang='grc' dir='ltr'>τῷ</span> <span class='ocrx_word' id='word_1_266' title='bbox 964 3679 999 3746; x_wconf 81' lang='grc' dir='ltr'>ἑν</span> <span class='ocrx_word' id='word_1_267' title='bbox 1023 3679 1160 3763; x_wconf 79' lang='grc' dir='ltr'>θαλάεεῃ</span> <span class='ocrx_word' id='word_1_268' title='bbox 1183 3680 1277 3745; x_wconf 82' lang='grc' dir='ltr'>λαόν</span> 
     </span>
     <span class='ocr_line' id='line_1_33' title="bbox 577 3779 1449 3865; baseline 0 -20"><span class='ocrx_word' id='word_1_269' title='bbox 577 3780 732 3862; x_wconf 85' lang='grc' dir='ltr'>Ἀιεωμεν</span> <span class='ocrx_word' id='word_1_270' title='bbox 754 3783 871 3848; x_wconf 84' lang='grc' dir='ltr'>πάντεε</span> <span class='ocrx_word' id='word_1_271' title='bbox 893 3783 966 3848; x_wconf 88' lang='grc' dir='ltr'>λαοὶ</span> <span class='ocrx_word' id='word_1_272' title='bbox 990 3779 994 3864; x_wconf 96' lang='grc' dir='ltr'>Ι</span> <span class='ocrx_word' id='word_1_273' title='bbox 1017 3789 1062 3865; x_wconf 84' lang='grc' dir='ltr'>τῷ</span> <span class='ocrx_word' id='word_1_274' title='bbox 1084 3781 1138 3846; x_wconf 80' lang='grc' dir='ltr'>ἐπί</span> <span class='ocrx_word' id='word_1_275' title='bbox 1160 3781 1259 3860; x_wconf 81' lang='grc' dir='ltr'>ὤμων</span> <span class='ocrx_word' id='word_1_276' title='bbox 1282 3781 1449 3863; x_wconf 76' lang='grc' dir='ltr'>Χερουβὶμ.</span> 
     </span>
     <span class='ocr_line' id='line_1_34' title="bbox 302 3879 1347 3970; baseline 0.002 -27"><span class='ocrx_word' id='word_1_277' title='bbox 302 3879 408 3944; x_wconf 85' lang='lat' dir='ltr'>Andr.</span> <span class='ocrx_word' id='word_1_278' title='bbox 425 3880 457 3960; x_wconf 91' lang='lat'>1,</span> <span class='ocrx_word' id='word_1_279' title='bbox 472 3881 510 3961; x_wconf 85' lang='grc' dir='ltr'>α’,</span> <span class='ocrx_word' id='word_1_280' title='bbox 527 3881 562 3946; x_wconf 87' lang='lat'>3:</span> <span class='ocrx_word' id='word_1_281' title='bbox 585 3885 660 3948; x_wconf 74' lang='lat' dir='ltr'>deoc</span> <span class='ocrx_word' id='word_1_282' title='bbox 682 3888 741 3948; x_wconf 87' lang='grc' dir='ltr'>τοῦ</span> <span class='ocrx_word' id='word_1_283' title='bbox 763 3885 885 3964; x_wconf 84' lang='grc' dir='ltr'>πατρόε</span> <span class='ocrx_word' id='word_1_284' title='bbox 907 3904 969 3962; x_wconf 94' lang='grc' dir='ltr'>μου</span> <span class='ocrx_word' id='word_1_285' title='bbox 993 3883 997 3965; x_wconf 95' lang='grc' dir='ltr'>Ι</span> <span class='ocrx_word' id='word_1_286' title='bbox 1021 3884 1070 3947; x_wconf 90' lang='grc' dir='ltr'>καὶ</span> <span class='ocrx_word' id='word_1_287' title='bbox 1093 3881 1215 3970; x_wconf 77' lang='lat' dir='ltr'>dudem</span> <span class='ocrx_word' id='word_1_288' title='bbox 1237 3881 1347 3948; x_wconf 84' lang='grc' dir='ltr'>αὐτόν.</span> 
     </span>
     <span class='ocr_line' id='line_1_35' title="bbox 578 3983 1485 4069; baseline -0.002 -19"><span class='ocrx_word' id='word_1_289' title='bbox 578 3989 616 4067; x_wconf 86' lang='grc' dir='ltr'>τῇ</span> <span class='ocrx_word' id='word_1_290' title='bbox 640 3988 699 4050; x_wconf 83' lang='grc' dir='ltr'>νῦν</span> <span class='ocrx_word' id='word_1_291' title='bbox 722 3984 884 4069; x_wconf 86' lang='grc' dir='ltr'>θρηνῳδίᾳ</span> <span class='ocrx_word' id='word_1_292' title='bbox 907 3985 911 4068; x_wconf 97' lang='grc' dir='ltr'>Ι</span> <span class='ocrx_word' id='word_1_293' title='bbox 934 3984 1012 4049; x_wconf 86' lang='grc' dir='ltr'>ἀλλ’</span> <span class='ocrx_word' id='word_1_294' title='bbox 1034 3983 1079 4049; x_wconf 78' lang='grc' dir='ltr'>ὼε</span> <span class='ocrx_word' id='word_1_295' title='bbox 1102 3983 1322 4062; x_wconf 82' lang='grc' dir='ltr'>εὔεπλαγχνόε</span> <span class='ocrx_word' id='word_1_296' title='bbox 1345 4005 1397 4064; x_wconf 92' lang='grc' dir='ltr'>μοι</span> <span class='ocrx_word' id='word_1_297' title='bbox 1421 3984 1485 4049; x_wconf 81' lang='lat' dir='ltr'>boc</span> 
     </span>
    </p>
   </div>
   <div class='ocr_carea' id='block_1_5' title="bbox 169 4103 1625 4812">
    <p class='ocr_par' dir='ltr' id='par_1_6' title="bbox 169 4103 1625 4711">
     <span class='ocr_line' id='line_1_36' title="bbox 259 4103 1624 4204; baseline 0.002 -25"><span class='ocrx_word' id='word_1_298' title='bbox 259 4113 336 4180; x_wconf 86' lang='lat' dir='ltr'>Plus</span> <span class='ocrx_word' id='word_1_299' title='bbox 371 4103 558 4183; x_wconf 81' lang='lat' dir='ltr'>offensionis</span> <span class='ocrx_word' id='word_1_300' title='bbox 590 4120 799 4183; x_wconf 86' lang='lat' dir='ltr'>commutatio</span> <span class='ocrx_word' id='word_1_301' title='bbox 831 4117 923 4204; x_wconf 88' lang='lat' dir='ltr'>pedis</span> <span class='ocrx_word' id='word_1_302' title='bbox 957 4119 1126 4203; x_wconf 89' lang='lat' dir='ltr'>spondaioi</span> <span class='ocrx_word' id='word_1_303' title='bbox 1157 4140 1231 4183; x_wconf 90' lang='lat' dir='ltr'>oum</span> <span class='ocrx_word' id='word_1_304' title='bbox 1259 4118 1379 4182; x_wconf 87' lang='lat' dir='ltr'>cretico</span> <span class='ocrx_word' id='word_1_305' title='bbox 1406 4117 1440 4181; x_wconf 90' lang='lat' dir='ltr'>in</span> <span class='ocrx_word' id='word_1_306' title='bbox 1468 4117 1624 4184; x_wconf 88' lang='lat' dir='ltr'>clausulis</span> 
     </span>
     <span class='ocr_line' id='line_1_37' title="bbox 170 4218 1625 4306; baseline 0.001 -24"><span class='ocrx_word' id='word_1_307' title='bbox 170 4239 329 4283; x_wconf 91' lang='lat' dir='ltr'>versuum</span> <span class='ocrx_word' id='word_1_308' title='bbox 352 4218 472 4283; x_wconf 89' lang='lat' dir='ltr'>habere</span> <span class='ocrx_word' id='word_1_309' title='bbox 487 4218 628 4300; x_wconf 87' lang='lat' dir='ltr'>videtur,</span> <span class='ocrx_word' id='word_1_310' title='bbox 652 4230 685 4285; x_wconf 89' lang='lat' dir='ltr'>et</span> <span class='ocrx_word' id='word_1_311' title='bbox 706 4229 786 4302; x_wconf 87' lang='lat' dir='ltr'>erat,</span> <span class='ocrx_word' id='word_1_312' title='bbox 809 4242 882 4285; x_wconf 91' lang='lat' dir='ltr'>cum</span> <span class='ocrx_word' id='word_1_313' title='bbox 898 4219 1092 4284; x_wconf 88' lang='lat' dir='ltr'>coniecturis</span> <span class='ocrx_word' id='word_1_314' title='bbox 1108 4219 1204 4282; x_wconf 88' lang='lat' dir='ltr'>huius</span> <span class='ocrx_word' id='word_1_315' title='bbox 1220 4219 1458 4303; x_wconf 84' lang='lat' dir='ltr'>discrepantiae</span> <span class='ocrx_word' id='word_1_316' title='bbox 1473 4221 1625 4306; x_wconf 87' lang='lat' dir='ltr'>exempla</span> 
     </span>
     <span class='ocr_line' id='line_1_38' title="bbox 169 4318 1624 4408; baseline 0.001 -22"><span class='ocrx_word' id='word_1_317' title='bbox 169 4340 342 4386; x_wconf 88' lang='lat' dir='ltr'>removere</span> <span class='ocrx_word' id='word_1_318' title='bbox 370 4327 539 4385; x_wconf 88' lang='lat' dir='ltr'>tentarem.</span> <span class='ocrx_word' id='word_1_319' title='bbox 584 4319 649 4386; x_wconf 86' lang='lat' dir='ltr'>Sed</span> <span class='ocrx_word' id='word_1_320' title='bbox 682 4343 756 4386; x_wconf 92' lang='lat' dir='ltr'>oum</span> <span class='ocrx_word' id='word_1_321' title='bbox 788 4330 954 4408; x_wconf 86' lang='lat' dir='ltr'>protracta</span> <span class='ocrx_word' id='word_1_322' title='bbox 987 4319 1182 4407; x_wconf 89' lang='lat' dir='ltr'>spondaioae</span> <span class='ocrx_word' id='word_1_323' title='bbox 1211 4318 1378 4385; x_wconf 86' lang='lat' dir='ltr'>clausulae</span> <span class='ocrx_word' id='word_1_324' title='bbox 1406 4320 1624 4386; x_wconf 87' lang='lat' dir='ltr'>modulatione</span> 
     </span>
     <span class='ocr_line' id='line_1_39' title="bbox 169 4419 1625 4509; baseline 0 -21"><span class='ocrx_word' id='word_1_325' title='bbox 169 4423 255 4488; x_wconf 87' lang='lat' dir='ltr'>haec</span> <span class='ocrx_word' id='word_1_326' title='bbox 282 4441 411 4506; x_wconf 86' lang='lat' dir='ltr'>quoque</span> <span class='ocrx_word' id='word_1_327' title='bbox 438 4423 646 4487; x_wconf 87' lang='lat' dir='ltr'>commutatio</span> <span class='ocrx_word' id='word_1_328' title='bbox 676 4424 827 4487; x_wconf 85' lang='lat' dir='ltr'>excusari</span> <span class='ocrx_word' id='word_1_329' title='bbox 855 4422 1007 4487; x_wconf 87' lang='lat' dir='ltr'>videatur</span> <span class='ocrx_word' id='word_1_330' title='bbox 1033 4431 1066 4485; x_wconf 90' lang='lat' dir='ltr'>et</span> <span class='ocrx_word' id='word_1_331' title='bbox 1093 4419 1275 4486; x_wconf 87' lang='lat' dir='ltr'>simillimae</span> <span class='ocrx_word' id='word_1_332' title='bbox 1302 4420 1453 4486; x_wconf 89' lang='lat' dir='ltr'>licentiae</span> <span class='ocrx_word' id='word_1_333' title='bbox 1475 4422 1625 4509; x_wconf 85' lang='lat' dir='ltr'>exempla</span> 
     </span>
     <span class='ocr_line' id='line_1_40' title="bbox 169 4521 1622 4611; baseline -0.001 -22"><span class='ocrx_word' id='word_1_334' title='bbox 169 4526 208 4589; x_wconf 90' lang='lat' dir='ltr'>in</span> <span class='ocrx_word' id='word_1_335' title='bbox 230 4521 340 4587; x_wconf 86' lang='lat' dir='ltr'>latinis</span> <span class='ocrx_word' id='word_1_336' title='bbox 364 4523 541 4608; x_wconf 88' lang='lat' dir='ltr'>sequentiis</span> <span class='ocrx_word' id='word_1_337' title='bbox 570 4522 683 4588; x_wconf 90' lang='lat' dir='ltr'>crebro</span> <span class='ocrx_word' id='word_1_338' title='bbox 712 4533 883 4588; x_wconf 85' lang='lat' dir='ltr'>occurrant</span> <span class='ocrx_word' id='word_1_339' title='bbox 910 4523 1009 4606; x_wconf 85' lang='lat' dir='ltr'>(conf.</span> <span class='ocrx_word' id='word_1_340' title='bbox 1032 4521 1075 4586; x_wconf 91' lang='lat' dir='ltr'>K.</span> <span class='ocrx_word' id='word_1_341' title='bbox 1099 4521 1237 4587; x_wconf 88' lang='lat' dir='ltr'>Bartsch</span> <span class='ocrx_word' id='word_1_342' title='bbox 1261 4521 1325 4587; x_wconf 89' lang='lat' dir='ltr'>Die</span> <span class='ocrx_word' id='word_1_343' title='bbox 1346 4521 1458 4588; x_wconf 86' lang='lat' dir='ltr'>latein.</span> <span class='ocrx_word' id='word_1_344' title='bbox 1480 4524 1622 4611; x_wconf 89' lang='lat' dir='ltr'>Sequen-</span> 
     </span>
     <span class='ocr_line' id='line_1_41' title="bbox 170 4622 1623 4711; baseline 0.002 -23"><span class='ocrx_word' id='word_1_345' title='bbox 170 4646 236 4688; x_wconf 85' lang='lat' dir='ltr'>zen</span> <span class='ocrx_word' id='word_1_346' title='bbox 260 4624 316 4687; x_wconf 88' lang='lat' dir='ltr'>des</span> <span class='ocrx_word' id='word_1_347' title='bbox 340 4622 549 4689; x_wconf 87' lang='lat' dir='ltr'>Mittelalters</span> <span class='ocrx_word' id='word_1_348' title='bbox 572 4623 605 4689; x_wconf 82' lang='lat' dir='ltr'>S.</span> <span class='ocrx_word' id='word_1_349' title='bbox 627 4625 667 4689; x_wconf 83' lang='lat'>41</span> <span class='ocrx_word' id='word_1_350' title='bbox 691 4625 746 4710; x_wconf 87' lang='lat' dir='ltr'><strong>f.),</strong></span> <span class='ocrx_word' id='word_1_351' title='bbox 770 4647 835 4691; x_wconf 91' lang='lat' dir='ltr'>non</span> <span class='ocrx_word' id='word_1_352' title='bbox 856 4626 921 4688; x_wconf 87' lang='lat' dir='ltr'>iam</span> <span class='ocrx_word' id='word_1_353' title='bbox 943 4645 1058 4688; x_wconf 85' lang='lat' dir='ltr'>versus</span> <span class='ocrx_word' id='word_1_354' title='bbox 1079 4633 1206 4688; x_wconf 86' lang='lat' dir='ltr'>tentare</span> <span class='ocrx_word' id='word_1_355' title='bbox 1229 4624 1382 4708; x_wconf 88' lang='lat' dir='ltr'>conabor,</span> <span class='ocrx_word' id='word_1_356' title='bbox 1409 4625 1523 4711; x_wconf 85' lang='lat' dir='ltr'>quales</span> <span class='ocrx_word' id='word_1_357' title='bbox 1546 4636 1623 4691; x_wconf 91' lang='lat' dir='ltr'>sunt</span> 
     </span>
    </p>

    <p class='ocr_par' dir='ltr' id='par_1_7' title="bbox 285 4723 1286 4812">
     <span class='ocr_line' id='line_1_42' title="bbox 285 4723 1286 4812; baseline 0.002 -22"><span class='ocrx_word' id='word_1_358' title='bbox 285 4726 358 4791; x_wconf 91' lang='grc' dir='ltr'>Καθ.</span> <span class='ocrx_word' id='word_1_359' title='bbox 374 4723 440 4806; x_wconf 84' lang='lat' dir='ltr'>VI,</span> <span class='ocrx_word' id='word_1_360' title='bbox 456 4725 488 4807; x_wconf 87' lang='lat'>3,</span> <span class='ocrx_word' id='word_1_361' title='bbox 504 4726 559 4790; x_wconf 89' lang='lat'>10:</span> <span class='ocrx_word' id='word_1_362' title='bbox 583 4727 619 4792; x_wconf 89' lang='grc' dir='ltr'>ἐν</span> <span class='ocrx_word' id='word_1_363' title='bbox 640 4733 679 4812; x_wconf 82' lang='grc' dir='ltr'>τῇ</span> <span class='ocrx_word' id='word_1_364' title='bbox 702 4726 834 4809; x_wconf 74' lang='lat' dir='ltr'>dendorp</span> <span class='ocrx_word' id='word_1_365' title='bbox 856 4727 1008 4805; x_wconf 84' lang='grc' dir='ltr'>ευλλήψει</span> <span class='ocrx_word' id='word_1_366' title='bbox 1030 4745 1096 4803; x_wconf 82' lang='lat' dir='ltr'>tou,</span> <span class='ocrx_word' id='word_1_367' title='bbox 1120 4725 1124 4809; x_wconf 96' lang='grc' dir='ltr'>Ι</span> <span class='ocrx_word' id='word_1_368' title='bbox 1147 4726 1286 4792; x_wconf 89' lang='grc' dir='ltr'>θεοτόκε.</span> 
     </span>
    </p>
   </div>
   <div class='ocr_carea' id='block_1_6' title="bbox 580 4827 1418 4966">
    <p class='ocr_par' dir='ltr' id='par_1_8' title="bbox 580 4827 1418 4966">
     <span class='ocr_line' id='line_1_43' title="bbox 580 4827 1334 4912; baseline 0.001 -18"><span class='ocrx_word' id='word_1_369' title='bbox 580 4829 638 4894; x_wconf 84' lang='grc' dir='ltr'>τὸν</span> <span class='ocrx_word' id='word_1_370' title='bbox 662 4829 714 4893; x_wconf 86' lang='grc' dir='ltr'>διὰ</span> <span class='ocrx_word' id='word_1_371' title='bbox 736 4828 836 4904; x_wconf 81' lang='grc' dir='ltr'>λόγου</span> <span class='ocrx_word' id='word_1_372' title='bbox 860 4829 898 4893; x_wconf 84' lang='grc' dir='ltr'>τὰ</span> <span class='ocrx_word' id='word_1_373' title='bbox 920 4829 1042 4909; x_wconf 88' lang='grc' dir='ltr'>πέρατα</span> <span class='ocrx_word' id='word_1_374' title='bbox 1066 4831 1069 4912; x_wconf 97' lang='grc' dir='ltr'>Ι</span> <span class='ocrx_word' id='word_1_375' title='bbox 1094 4827 1334 4911; x_wconf 78' lang='grc' dir='ltr'>ευοτηεάμενον.</span> 
     </span>
     <span class='ocr_line' id='line_1_44' title="bbox 1404 4933 1418 4966; baseline 0 0"><span class='ocrx_word' id='word_1_376' title='bbox 1404 4933 1418 4966; x_wconf 71' lang='grc'>*</span> 
     </span>
    </p>
   </div>
   <div class='ocr_carea' id='block_1_7' title="bbox 1379 4955 1518 5028">
    <p class='ocr_par' dir='ltr' id='par_1_9' title="bbox 1379 4955 1518 5028">
     <span class='ocr_line' id='line_1_45' title="bbox 1379 4955 1518 5028; baseline 0 0"><span class='ocrx_word' id='word_1_377' title='bbox 1379 4955 1398 5008; x_wconf 71' lang='lat' dir='ltr'><strong>g</strong></span> <span class='ocrx_word' id='word_1_378' title='bbox 1516 5021 1518 5028; x_wconf 83' lang='grc'>.</span> 
     </span>
    </p>
   </div>
   <div class='ocr_carea' id='block_1_8' title="bbox 0 0 1904 5474">
    <p class='ocr_par' dir='ltr' id='par_1_10' title="bbox 0 0 1904 5474">
     <span class='ocr_line' id='line_1_46' title="bbox 0 0 1904 5474; baseline 0 1"><span class='ocrx_word' id='word_1_379' title='bbox 0 0 1904 5474; x_wconf 95' lang='lat' dir='ltr'> </span> 
     </span>
    </p>
   </div>
  </div>
 </body>
</html>
