3800 5474
339 439 456 494 LXVIII
924 435 1208 492 PROLEGOIIENA.

339 583 426 669 quod
455 603 521 646 non
548 603 622 646 mro
650 581 722 646 fieri
750 581 951 668 accepimus,
981 581 1125 667 singulas
1156 581 1306 667 strophas
1336 580 1386 646 bis
1415 582 1591 646 cantabant
1612 582 1800 664 (ψάλλομεν

339 685 471 765 (τιχηρὰ
491 690 550 750 τοῦ
573 684 696 763 Ἁγίου,
720 688 947 763 δευτερούντε(
969 683 1076 766 αὐτά).
1356 745 1360 752 .

424 788 613 870 Τριῴδιιι,
637 786 881 870 Ῐετραῲδια,
905 786 1056 870 Aipora
1079 785 1204 849 minora
1226 787 1353 850 cantica
1376 795 1468 867 sunt,
1497 807 1580 872 quae
1603 807 1667 850 non
1688 787 1798 867 nonis,

339 898 376 954 ut
397 907 554 969 canones,
585 885 644 951 sed
672 887 766 952 trinis
789 896 847 951 aut
869 886 1036 972 quaternis
1059 895 1115 952 aut
1137 886 1223 951 binis
1246 887 1318 952 odis
1342 897 1501 952 constant.
1547 887 1631 952 Cum
1645 887 1740 951 enim
1765 889 1798 950 in

340 989 518 1054 minoribus
542 987 804 1054 solemnitatibus
833 988 992 1053 ecelesiae
1019 989 1129 1054 omnia
1152 1009 1269 1080 novem
1291 989 1420 1082 cantica
1442 1010 1536 1053 sacra
1557 1009 1623 1052 una
1646 1009 1719 1052 cum
1742 1011 1799 1052 no

339 1090 435 1154 viciis
458 1089 530 1154 odis
552 1089 676 1154 cantari
698 1091 796 1154 nimis
819 1088 984 1175 prolixum
1007 1098 1109 1171 esset,
1138 1088 1286 1176 pluribus
1314 1090 1539 1158 abiectisduo
1561 1099 1618 1154 aut
1640 1091 1705 1155 tria
1727 1099 1799 1154 tan·

340 1202 408 1256 tum
430 1189 615 1277 relinquere
637 1201 822 1279 cooperunt.
865 1189 1007 1256 Tantum
1035 1199 1143 1254 autem
1165 1191 1295 1272 aberat,
1325 1200 1361 1256 ut
1384 1192 1547 1278 prioribus
1571 1191 1707 1256 canticis
1730 1213 1798 1254 ser-

338 1294 424 1358 vatis
447 1291 628 1378 posteriora
650 1313 780 1378 semper
799 1292 993 1373 abiicerent,
1017 1301 1053 1357 ut
1068 1291 1144 1356 fere·
1152 1293 1303 1377 primum,
1319 1303 1481 1374 octavum,
1498 1315 1616 1358 nonum
1633 1293 1799 1357 canticum

339 1393 522 1478 selegerant
544 1400 576 1458 et
598 1391 790 1460 triodiomm
818 1395 898 1459 odas
926 1394 1064 1480 primam
1091 1403 1241 1458 octavam
1270 1415 1388 1459 nonam
1411 1404 1628 1460 numerarent.
1671 1395 1801 1457 Auctor

340 1495 436 1559 huius
470 1495 649 1560 carminum
680 1495 809 1579 generis
839 1495 976 1558 Cosmas
1006 1494 1327 1581 Hierosolymitanus
1362 1517 1433 1560 esse
1463 1495 1667 1582 perhibetur,
1703 1496 1799 1559 cuius

340 1595 525 1682 exemplum
554 1593 712 1681 Iosephus
736 1606 769 1662 et
789 1595 981 1661 Theodorus
1010 1597 1057 1661 ita
1084 1597 1202 1660 imitati
1231 1605 1323 1678 sunt,
1351 1606 1388 1661 ut
1410 1619 1484 1661 cum
1513 1618 1650 1681 magnae
1673 1595 1799 1662 hebdo-

339 1697 446 1762 madis
468 1696 524 1761 ille
547 1696 666 1763 triodia
687 1697 837 1777 fecisset,
860 1696 925 1783 ipsi
948 1698 1091 1762 omnium
1113 1696 1353 1762 hebdomadum
1376 1702 1433 1776 τῆ(
1447 1700 1696 1778 Τε((ερακο(τῆ(
1719 1699 1799 1762 trio-

341 1798 398 1863 dia
419 1809 665 1883 componerent,
689 1821 754 1885 qua
776 1797 818 1862 de
839 1819 875 1862 re
897 1785 1527 1864 eod.t†indob0n.theol.n.296t01.1¹›
1551 1799 1629 1864 hace
1651 1798 1797 1862 rettulit:

341 1905 471 1980 πρῶτο(
495 1903 534 1980 δὴ
557 1901 690 1967 πάντων
713 1903 804 1967 τοῦτ’
819 1901 986 1980 ἐπενόηα,
1008 1901 1065 1966 τὰ(
1080 1904 1163 1980 τρεῖ(
1179 1903 1260 1982 φημὶ
1281 1905 1347 1966 τῶν
1363 1903 1468 1982 ᾠδῶν,
1492 1901 1536 1967 εἰ(
1558 1903 1672 1977 τύπον,
1695 1899 1800 1980 οἶμαι,

238 2017 248 2033 “
341 2006 396 2081 τῆ(
420 2003 511 2078 ἁγία(
533 2004 584 2068 καί
605 2005 781 2083 Ζωαρχικῆ(
804 2002 932 2083 τριάδο(
955 2001 974 2066 ὁ
996 1991 1231 2081 μου(ικιίιτο’το(
1253 2004 1304 2068 καὶ
1324 2005 1536 2084 πνευματικά(
1559 2008 1605 2086 τῷ
1628 2001 1698 2067 ὄντι
1721 2004 1799 2068 νέο(

341 2105 491 2187 Ὀρφεύε,
515 2104 534 2168 ὁ
557 2106 654 2184 μέγα(
676 2105 809 2183 ποιητὴ(
826 2105 947 2183 Κοεμᾶ(
963 2104 999 2169 ἐν
1014 2110 1052 2186 τῇ
1068 2104 1142 2187 ἁγίᾳ
1165 2105 1214 2168 καὶ
1236 2105 1357 2189 μεγάλῃ
1380 2111 1446 2170 τῶν
1468 2109 1581 2171 παθῶν
1604 2107 1662 2169 τού
1685 2105 1798 2184 κυρίου

341 2209 392 2273 καλ
414 2211 491 2272 θεοῦ
514 2207 565 2271 καί
587 2209 729 2285 (ωτῆρο(
750 2205 842 2284 ἡμῶν
865 2206 964 2284 Ἰη(οῡ
988 2206 1123 2284 >taceae
1145 2206 1297 2286 ἑβδομόδι
1314 2257 1321 2271 .
1339 2255 1344 2266 .
1362 2258 1368 2271 .
1385 2206 1418 2272 ἐξ
1434 2205 1535 2286 οὗπερ
1558 2208 1610 2271 καί
1631 2205 1663 2270 οἱ
1687 2207 1799 2269 λοιποὶ

341 2313 409 2374 τῶν
432 2309 584 2387 πατέρων
606 2308 657 2374 καί
679 2309 802 2385 μᾶλλον
825 2312 890 2372 τῶν
914 2308 1024 2371 ἄλλων
1040 2307 1211 2387 Θεόδωρό(
1232 2327 1267 2373 τε
1290 2309 1339 2372 καὶ
1361 2308 1474 2388 Ἰωεήφ
1491 2308 1522 2373 οἱ
1537 2307 1702 2373 (τουδῑτοι
1718 2310 1799 2372 κατὰ

341 2414 440 2490 ζῆλον
464 2410 587 2474 ἐκείνου
610 2409 670 2474 κάν
692 2413 762 2475 ταί(
789 2411 917 2474 λοιπαί(
945 2409 1094 2488 ἑβδομὰα
1121 2412 1176 2486 τή(
1199 2409 1290 2485 ἁγία(
1312 2411 1363 2474 καὶ
1385 2409 1524 2489 μεγάλη(
1546 2410 1798 2488 Τεαερακοαῆ(
1885 2461 1886 2466 ,

342 2512 569 2588 (υνταξάμενοι
590 2517 629 2594 τῇ
651 2509 759 2576 αὐτῶν
780 2515 862 2594 μονῇ
885 2513 943 2575 τοῦ
959 2510 1113 2576 (τουδίου
1135 2511 1273 2590 πρώτω(
1296 2511 1556 2591 παραδεδώκα(ι;
1579 2509 1661 2574 haec
1675 2511 1703 2574 si
1719 2530 1798 2574 vere

340 2612 443 2677 relata
465 2621 557 2693 sunt,
586 2610 781 2676 triodiorum
803 2633 887 2698 quae
909 2611 1039 2676 nomine
1067 2612 1218 2692 Ἀνδρέου
1245 2612 1394 2676 feruntur
1422 2610 1512 2694 (vide
1534 2611 1632 2676 indie.
1656 2609 1703 2691 ΙΙ)
1729 2611 1796 2674 An-

341 2715 437 2780 dreas
461 2713 579 2778 Cretae
602 2714 908 2799 episeopusauctor
931 2734 1088 2778 essenon
1113 2721 1245 2798 potest·
1274 2713 1405 2795 Omnia,
1435 2734 1519 2797 quae
1546 2712 1643 2778 modo
1671 2711 1797 2796 signifi-
1884 2741 1885 2750 ι

341 2817 425 2897 cavi,
443 2814 563 2880 triadis
578 2823 704 2901 partem
726 2813 802 2880 libri
816 2813 943 2880 Triodii
966 2813 1128 2896 efficiunt,
1150 2815 1205 2898 qui
1229 2813 1272 2878 ah
1294 2813 1349 2878 illo
1371 2816 1551 2878 carminum
1567 2835 1686 2899 genere
1702 2835 1799 2877 suum

340 2939 459 2983 nomen
481 2917 616 2982 sortitus
639 2926 704 3000 cst3
733 2925 903 3003 praeterea
930 2936 1034 3001 pauca
1061 2924 1185 2980 tantum
1214 2915 1334 2991 trIQdia
1361 2917 1395 2980 in
1417 2915 1564 2980 Menaeis
1586 2925 1733 2997 exstant,
1760 2926 1799 2978 ut

341 3014 679 3084 Nativiauis't'hristt
708 3018 804 3102 (Dec.
828 3041 859 3103 p.
887 3017 962 3098 138,
990 3005 1161 3099 1471153‚
1188 3017 1261 3101 162)
1290 3016 1548 3103 Epiphaniorum
1578 3017 1663 3101 (Ian.
1687 3041 1719 3102 p.
1743 3017 1798 3098 21)

343 3121 654 3206 Transfigurationis
671 3117 774 3203 (Aug.
786 3140 818 3204 p.
830 3119 897 3202 26).
927 3117 1064 3182 Cosmae
1080 3141 1156 3184 vero
1174 3117 1356 3184 tetraodion
1378 3119 1488 3203 magni
1504 3117 1641 3184 Sabbati
1658 3117 1796 3182 adiectis

342 3223 496 3288 aMarco
525 3224 683 3286 monacho
710 3228 850 3305 quatuor
877 3218 949 3283 odis
976 3219 1091 3305 plenus
1119 3243 1158 3284 ac
1184 3222 1288 3286 iustus
1317 3242 1422 3285 canon
1449 3220 1557 3285 faetus
1585 3242 1658 3284 esse
1680 3220 1798 3300 fertur,

345 3325 473 3411 quade
495 3345 530 3388 re
552 3322 638 3389 conf.
661 3345 693 3408 p.
716 3318 774 3384 LI.

428 3427 658 3507 Τροπάριον
680 3421 880 3488 diminutiva
902 3421 1008 3488 forma
1030 3423 1187 3509 primitivi
1209 3425 1335 3504 τρόπου
1358 3433 1423 3506 est,
1448 3433 1485 3488 ut
1505 3424 1647 3508 ᾡδάριον
1668 3421 1712 3486 ab
1728 3425 1798 3506 ᾡδὴ

343 3528 528 3593 derivatum
551 3549 623 3592 esse
645 3535 784 3592 eonsmt.
821 3526 953 3606 Τρόπον
975 3534 1084 3590 autem
1106 3526 1171 3590 iam
1194 3537 1321 3592 veteres
1337 3525 1455 3591 Graeci
1478 3525 1611 3590 modum
1633 3524 1798 3610 quendam

344 3640 459 3695 cantus
475 3629 654 3708 vocabant,
677 3626 765 3691 unde
780 3626 943 3692 Pindams
960 3628 1045 3692 dixit
1060 3627 1113 3693 01.
1129 3628 1192 3711 Ill,
1208 3629 1228 3692 4
1251 3630 1440 3706 νεοιίγολον
1462 3627 1590 3707 εὑρόντι
1613 3629 1749 3706 τρόπον,
1766 3638 1800 3690 et

345 3729 398 3796 Ol.
411 3729 507 3812 XIV,
522 3731 558 3795 ll
575 3729 680 3820 Ilnbiur
695 3731 757 3807 γὰρ
772 3730 950 3809 Ἀ(ιύπιχον
965 3730 1001 3795 ἐν
1016 3731 1128 3814 τρόπῳ
1144 3729 1261 3797 ἀείδων
1277 3731 1413 3811 ἔμολον·
1431 3739 1463 3794 et
1478 3751 1552 3793 eum
1567 3729 1689 3793 fidibus
1704 3727 1799 3816 lyrae

345 3831 441 3896 aliter
463 3829 632 3916 dispositis
655 3828 710 3894 alii
733 3841 849 3896 cantus
873 3829 960 3894 modi
982 3831 1115 3912 tierent,
1139 3833 1247 3896 varias
1263 3830 1450 3896 harmonias
1464 3833 1607 3912 τρόπου(
1629 3829 1797 3906 dicebant,

346 3945 382 3998 ut
394 3930 554 3998 Bacchius
570 3955 600 4018 p.
621 3931 659 3995 12
675 3931 727 3994 ed.
743 3931 860 3996 Mein:
885 3933 923 4018 Οἱ
937 3935 1013 4000 τοὺ(
1029 3937 1113 4014 τρεῖ(
1128 3934 1270 4012 τρόπου(
1285 3934 1420 4016 ᾄδοντε(
1433 3935 1522 3999 τίνα(
1537 3933 1662 4016 <locutu
1686 3932 1800 3998 λύδιον

345 4036 495 4117 φρύγιον,
518 4034 652 4111 δώριον·
676 4033 706 4098 οἱ
729 4035 765 4098 δὲ
787 4035 864 4100 τοὺ(
886 4035 983 4112 ἑπτὰ,
1006 4035 1107 4112 riuum
1130 4037 1322 4114 μιξολύδιον,
1347 4037 1469 4113 λύδιον,
1492 4035 1642 4116 φρύγιον,
1666 4035 1800 4114 δώριον,

347 4139 534 4212 ὑπολύδιον,
558 4134 780 4215 ὑποφρύγιον,
804 4134 998 4217 ὑποδώριον.
1042 4136 1153 4201 Latini
1176 4159 1303 4224 quoque
1327 4136 1525 4202 Graecorum
1549 4157 1642 4200 usum
1666 4135 1801 4200 dicendi

347 4241 449 4304 secuti
473 4239 571 4321 vulgo
593 4234 843 4301 modulationem
866 4239 1019 4302 carminis
1042 4239 1155 4305 modos
1172 4237 1225 4306 vel
1246 4237 1392 4303 modulos
1408 4238 1573 4320 dicebant,
1596 4237 1704 4302 medio
1721 4259 1801 4302 vero

346 4363 428 4406 aevo
456 4363 521 4406 non
550 4336 655 4403 solum
683 4339 814 4403 modum
841 4339 973 4423 Ottinc,
1002 4340 1132 4405 modum
1160 4340 1306 4421 Liebinc,
1329 4339 1411 4405 alios
1434 4339 1526 4423 (vide
1550 4339 1588 4405 F.
1611 4337 1708 4404 Wolf
1736 4341 1801 4404 Dic

347 4443 425 4508 Lais
442 4442 475 4507 S.
491 4441 568 4526 313)
583 4440 812 4524 autumabant,
837 4441 894 4508 sed
918 4445 1018 4507 etiam
1040 4442 1185 4507 carmina
1205 4442 1277 4528 ipsa
1300 4443 1480 4507 secundum
1502 4442 1634 4507 modum
1658 4440 1802 4528 aliquem

348 4555 480 4610 cantata
500 4553 610 4631 tropos
632 4542 854 4632 appellabant,
875 4553 913 4608 ut
935 4553 1048 4609 auctor
1071 4543 1168 4608 Vitae
1181 4545 1350 4609 Anastasii
1372 4543 1459 4631 apud
1481 4542 1576 4608 Wolf
1593 4567 1626 4629 p.
1643 4542 1701 4606 94:
1726 4563 1803 4606 con·

348 4647 457 4711 stituit
483 4648 657 4711 interserta
682 4648 809 4711 cantica
838 4644 1031 4727 decantare,
1061 4667 1144 4732 quac
1168 4646 1308 4720 Romani
1329 4645 1481 4712 Festivas
1503 4644 1651 4725 Laudes,
1680 4644 1803 4710 Franci

348 4747 475 4834 'lhopos
498 4750 673 4835 appellant.
715 4746 815 4834 Apud
838 4747 979 4813 Graecos
1002 4769 1129 4834 quoque
1153 4745 1347 4813 vocabulum
1370 4749 1456 4832 tropi
1479 4750 1659 4834 antiquitus
1682 4748 1716 4810 in
1740 4771 1804 4812 usu

349 4851 462 4932 fuisse,
479 4851 593 4914 titulus
610 4849 685 4912 libri
700 4850 927 4928 Τροπολογίου
943 4850 1102 4932 ostendit,
1126 4872 1189 4936 quo
1206 4849 1246 4913 de
1262 4849 1347 4912 infra
1363 4849 1556 4934 disp11tab03
1580 4847 1678 4934 vulgo
1694 4861 1804 4914 autem
