3800 5474
281 389 372 444 XVIII
862 390 1146 448 PROLECOMENA.

279 535 568 621 explent,-tamen
594 547 666 602 tam
693 537 787 602 multi
814 560 879 603 una
906 536 959 603 vel
987 539 1085 603 etiam
1108 538 1237 604 duabus
1258 536 1394 624 syllabis
1417 539 1538 625 partim
1559 538 1732 624 longiores,

277 637 399 722 partim
429 636 595 703 breviores
626 647 719 720 sunt,
751 647 788 704 ut
815 640 1010 704 coniecturis
1038 660 1149 706 omnes
1177 639 1414 726 discrepantias
1442 660 1610 705 removere
1637 640 1734 706 veriti

278 741 389 803 simus.
426 739 579 826 Denique
601 763 782 823 caesuram,
806 763 871 828 qua
892 764 1008 807 versus
1024 741 1187 828 longiores
1204 743 1237 806 in
1253 741 1316 807 duo
1332 743 1479 807 membra
1493 741 1734 824 discinduntur,

276 861 341 906 nou
368 841 482 906 eodem
510 841 582 906 loco
612 843 736 929 ubique
763 841 883 908 factam
913 844 1078 928 videmus3
1108 843 1204 910 modo
1232 844 1319 908 enim
1346 853 1421 930 post
1443 852 1610 926 octavam,
1638 841 1734 908 modo

276 950 352 1028 post
379 964 498 1007 nonam
523 943 684 1030 syllabam
707 966 821 1009 versus
844 956 941 1032 poeta
962 955 1028 1010 tam
1051 956 1173 1011 temere
1195 946 1326 1026 incidit,
1353 954 1392 1010 ut
1413 944 1622 1031 stropharum
1645 942 1735 1008 nulla

276 1043 493 1130 aequabilitas
527 1055 729 1132 compareat3
761 1069 826 1133 quo
854 1070 927 1112 oum
955 1047 1092 1112 accedat
1118 1069 1325 1113 numerorum
1356 1068 1493 1112 caesura
1520 1045 1733 1112 incisionibus

277 1147 511 1212 sententiarum
539 1171 656 1233 parurn
683 1148 1040 1233 triumphatorem
1062 1171 1215 1214 versuum
1238 1150 1335 1214 rectis
1357 1149 1454 1214 lineis
1478 1149 1664 1234 significare
1685 1150 1733 1212 in-

277 1248 356 1313 utile
378 1271 451 1314 esse
473 1249 700 1315 iudicavimus.
744 1251 935 1335 Aegerrime
965 1259 1074 1316 autem
1104 1251 1253 1330 tulimus,
1282 1248 1427 1337 quadiu
1450 1250 1642 1316 difficillimo
1665 1272 1733 1314 car-

276 1350 363 1414 mine
392 1351 653 1436 recognoscendo
682 1374 742 1416 nec
769 1351 832 1438 ipsi
860 1350 1010 1418 codicum
1039 1353 1185 1418 subsidia
1212 1373 1404 1437 comparare
1433 1353 1599 1438 potuimus
1627 1373 1733 1437 neque

276 1453 318 1516 A.
348 1451 472 1534 Iahnii,
506 1453 564 1539 qui
591 1452 751 1519 Methodii
779 1475 879 1540 opera
907 1453 1003 1519 Halia
1031 1453 1198 1519 Saxonum
1229 1475 1259 1517 a.
1287 1451 1540 1519 MDCCCLXV
1568 1453 1674 1518 edidit
1701 1460 1734 1516 et

277 1551 462 1636 adnotavit,
486 1576 586 1642 opera
607 1577 804 1642 magnopere
828 1555 935 1621 adiuti
957 1578 1080 1620 sumus.

361 1655 546 1741 llymnum,
582 1658 638 1743 qui
665 1656 824 1722 Methodii
854 1656 1048 1744 parthenios
1076 1658 1111 1722 in
1137 1656 1200 1723 hae
1228 1656 1417 1743 anthologia
1443 1659 1607 1742 sequitur,
1643 1654 1731 1720 Cle·

276 1756 425 1821 mentis
447 1756 719 1823 Alexandrini
741 1759 904 1845 inscripsi,
928 1759 1078 1846 quamvis
1101 1780 1166 1823 non
1188 1759 1371 1845 ignorarem
1395 1759 1497 1824 fuisse
1517 1759 1574 1845 qui
1592 1758 1733 1848 celeber·

276 1858 394 1922 rimum
424 1857 579 1924 eeclesiae
609 1859 806 1925 christianae
833 1861 998 1926 doctorem
1025 1860 1123 1925 huius
1149 1860 1262 1947 hymni
1285 1869 1448 1926 auctorem
1471 1883 1542 1926 esse
1563 1867 1731 1944 negarent.

276 1958 342 2024 Sed
366 1960 398 2022 111
422 1981 457 2023 re
479 1961 618 2041 incerta,
644 1983 685 2026 ne
707 1962 846 2027 maiores
869 1964 968 2027 etiam
991 1963 1107 2028 turbae
1129 1972 1353 2046 moverentur,
1376 1962 1468 2028 dubii
1492 1983 1588 2049 quam
1610 1959 1732 2025 nullius

277 2061 420 2127 auctoris
452 2083 570 2127 nomen
602 2063 781 2149 praefigere
814 2065 925 2130 malui.
979 2063 1067 2128 lllud
1099 2065 1184 2128 enim
1219 2087 1283 2129 nou
1317 2073 1424 2149 potest
1458 2065 1619 2146 dubitem,
1653 2063 1731 2148 quin

276 2163 417 2248 hymnus
440 2163 516 2229 libri
539 2153 715 2229 Clementis
739 2166 780 2230 de
802 2165 996 2230 educatione
1018 2167 1272 2249 (Παιδαγωγός),
1294 2167 1387 2232 onius
1410 2168 1443 2231 in
1466 2166 1556 2231 calce
1577 2172 1731 2230 exaratus

275 2262 411 2349 legitur,
444 2265 573 2350 integra
605 2289 682 2353 pars
715 2289 781 2332 non
811 2267 928 2351 fuerit,
961 2267 1045 2333 libro
1084 2267 1170 2331 enim
1198 2269 1285 2332 iusta
1312 2269 1519 2356 peroratione
1546 2268 1611 2332 iam
1639 2266 1731 2330 finito

275 2365 416 2454 hymnus
445 2377 610 2455 tamquam
638 2369 721 2434 alter
749 2367 896 2455 epilogus
925 2369 1092 2434 adhaeret.
1135 2369 1207 2434 Hoc
1234 2379 1343 2435 autern
1366 2381 1422 2436 tuo
1444 2370 1515 2435 iure
1536 2369 1642 2456 possis
1665 2389 1730 2431 am.

274 2468 400 2552 bigere,
423 2479 531 2534 utrum
554 2492 627 2534 eum
650 2493 670 2534 a
692 2469 861 2535 Clemente
883 2470 1024 2557 primum
1051 2471 1185 2536 seorsim
1207 2469 1331 2536 editum
1355 2480 1387 2536 et
1409 2478 1524 2556 postea
1545 2471 1630 2537 libro
1652 2470 1731 2534 Pae·

276 2571 397 2656 dagogi
419 2571 591 2653 adiectum,
615 2594 657 2637 an
680 2572 723 2637 ab
745 2570 975 2657 interpolatore
997 2570 1106 2658 aliquo
1129 2573 1309 2638 recentiore
1332 2581 1365 2637 et
1384 2573 1507 2637 factum
1522 2581 1556 2637 et
1570 2572 1731 2637 Clementi

276 2673 479 2760 suppositum
502 2695 574 2738 esse
596 2683 732 2740 statuas.
770 2673 834 2739 Sed
850 2682 923 2739 utut
937 2695 990 2738 res
1005 2693 1077 2738 sese
1098 2672 1210 2755 habet,
1233 2675 1373 2759 hymnus
1396 2673 1481 2738 inter
1502 2674 1732 2760 antiquissima

275 2783 309 2838 et
328 2773 542 2840 celeberrima
563 2784 773 2840 monumenta
795 2777 902 2861 poesis
925 2775 1122 2840 christianae
1137 2776 1252 2840 mento
1266 2783 1467 2840 numeratur.
1504 2775 1601 2855 Quod
1623 2785 1730 2841 autem

275 2897 348 2940 raro
371 2878 464 2942 nobis
488 2879 521 2942 in
544 2875 642 2962 longo
664 2877 776 2942 labore
798 2878 944 2961 contigit,
968 2885 1006 2941 ut
1027 2876 1116 2941 viam
1136 2876 1178 2941 ab
1201 2875 1276 2940 aliis
1297 2875 1496 2962 patefactam
1519 2885 1553 2941 et
1571 2878 1730 2942 munitam

274 2979 366 3064 sequi
387 2979 482 3044 nobis
505 2977 634 3060 liceret,
656 2978 691 3043 id
713 2981 747 3042 in
769 2979 831 3044 hoc
853 2978 996 3043 carmine
1017 2999 1118 3065 opera
1140 2978 1181 3043 A.
1204 2975 1422 3044 Thierfelderi
1444 2980 1568 3044 factum
1591 2989 1652 3061 est,
1674 2977 1729 3066 qui

274 3077 386 3144 subtili
408 3080 637 3144 dissertatione
659 3101 763 3166 nuper
786 3079 827 3143 de
848 3078 1098 3144 christianorum
1122 3079 1255 3164 psalmis
1279 3088 1312 3144 et
1336 3079 1467 3166 hymnis
1494 3089 1729 3145 commentatus

274 3191 335 3245 ost.
378 3183 490 3266 Atque
516 3181 579 3245 hoc
606 3181 738 3266 quidem
768 3182 820 3245 vir
846 3179 1056 3245 doctissimus
1078 3180 1158 3244 mihi
1180 3179 1277 3265 plane
1298 3181 1478 3266 persuasit,
1507 3183 1599 3247 binos
1622 3202 1732 3247 mono·

274 3291 395 3347 metros
423 3282 649 3367 anapaesticos
676 3282 774 3347 huius
803 3282 956 3348 carminis
983 3282 1037 3346 vel
1066 3280 1324 3367 repugnantibus
1353 3265 1519 3348 codicibus
1542 3285 1577 3348 in
1600 3281 1732 3368 singula

274 3383 346 3448 cola
367 3383 507 3448 dimetra
527 3383 771 3475 coniungendos
795 3404 877 3466 esse,
900 3382 1062 3468 siquidem
1085 3382 1235 3448 versibus
1259 3385 1483 3470 paroemiacis,
1507 3386 1564 3471 qui
1581 3385 1730 3450 codicum

273 3507 434 3552 consensu
457 3485 563 3551 trihus
585 3486 665 3550 locis
689 3485 826 3573 (11.10,
845 3484 967 3570 13,2ῠ)
990 3485 1252 3571 comprobantur,
1274 3485 1359 3550 inter
1379 3496 1598 3552 monometros
1620 3484 1730 3550 nullus

274 3585 364 3651 locus
387 3596 445 3650 est.
490 3586 573 3650 Cum
595 3597 705 3652 autem
727 3609 792 3652 non
820 3586 924 3652 solum
953 3595 1028 3673 post
1054 3586 1201 3672 singulos
1229 3598 1446 3654 monometros
1473 3609 1635 3674 nusquam
1662 3609 1727 3653 non

273 3687 411 3752 verbum
438 3685 586 3770 finiatur,
614 3688 673 3752 sed
702 3690 802 3753 ctiam
830 3688 939 3752 hiatus
967 3698 1000 3753 et
1025 3688 1174 3774 syllabae
1196 3688 1348 3775 ancipitis
1371 3689 1504 3756 licentia
1524 3690 1639 3755 crebro
1662 3687 1727 3774 (14,

278 3790 326 3871 lb,
352 3789 400 3869 16,
423 3787 476 3870 26,
498 3788 556 3872 28)
579 3789 684 3855 medio
707 3790 740 3852 in
764 3789 901 3854 dimetro
923 3789 1067 3854 admissa
1093 3790 1154 3873 sit,
1183 3790 1355 3856 interiecta
1382 3790 1503 3856 lineola
1530 3789 1728 3876 significavi·

275 3911 357 3974 mus,
380 3898 534 3955 nontam
556 3899 654 3972 arcte,
678 3913 775 3977 quam
798 3891 832 3954 in
854 3891 1021 3956 veteribus
1044 3892 1244 3958 carminibus
1267 3893 1394 3976 graecis
1417 3903 1450 3958 et
1471 3890 1583 3958 latinis
1605 3894 1727 3958 factum

275 3992 435 4072 novimus,
458 3991 558 4078 pedes
574 3992 670 4056 huius
685 3992 798 4079 hymni
813 3990 983 4060 coaluisse.
1020 3992 1129 4058 Minus
1152 3994 1218 4058 iam
1240 3992 1324 4059 illud
1345 3993 1425 4059 mihi
1447 3995 1617 4080 probatur,
1640 3993 1727 4081 quod

275 4091 503 4158 audacissimis
526 4093 732 4174 coniecturis,
755 4093 850 4159 modo
872 4093 1031 4158 eiiciendo
1053 4094 1149 4160 modo
1173 4095 1414 4180 transponendo
1442 4096 1561 4178 verba,
1590 4095 1729 4182 strophi-

273 4215 345 4260 cam
377 4196 658 4280 compositionem,
696 4217 793 4280 quam
826 4193 879 4262 vel
911 4195 1108 4260 limatissimi
1139 4205 1255 4282 poetae
1282 4197 1422 4262 scaenici
1449 4198 1482 4261 in
1510 4196 1728 4284 anapaesticis

275 4298 461 4383 systematis
490 4298 560 4361 fere
589 4307 797 4382 spreverant,
825 4296 901 4362 huic
929 4298 1048 4386 hymno
1069 4299 1242 4363 restituere
1263 4309 1401 4365 conatus
1422 4308 1483 4362 est.
1526 4298 1629 4365 Plane
1650 4319 1728 4364 vero

276 4396 317 4462 de
332 4405 422 4462 reeta
436 4398 491 4463 via
505 4397 676 4464 aberrasse
690 4398 770 4464 mihi
788 4399 935 4481 videtur,
951 4400 1038 4485 quod
1053 4408 1193 4485 quatuor
1214 4400 1335 4485 primos
1357 4400 1538 4466 versiculos
1560 4408 1727 4488 tamquam

275 4497 371 4588 alter
386 4499 577 4564 Procrustes
605 4522 708 4584 usque
735 4500 818 4567 adeo
846 4501 1022 4586 torquebat
1049 4509 1147 4587 atque
1174 4501 1334 4582 vexabat,
1369 4499 1473 4567 donec
1500 4502 1728 4590 anapaesticus

275 4600 435 4686 tripodiae
461 4602 598 4664 formam
625 4600 808 4667 induerent.
853 4603 1003 4688 Namque
1030 4623 1104 4666 eum
1133 4602 1175 4667 ab
1203 4611 1438 4668 tormentorum
1459 4602 1579 4668 iniuria
1599 4611 1727 4670 veteres

275 4702 450 4788 scriptores
477 4724 587 4767 omnes
616 4702 792 4768 defendere
819 4725 1043 4784 consuessem,
1077 4712 1146 4770 tum
1177 4704 1339 4791 tripudias
1365 4707 1595 4790 anapaesticae
1622 4705 1728 4769 forma

275 4801 356 4868 adeo
367 4812 520 4890 suspecta
531 4809 592 4884 est',
604 4813 641 4868 ut
655 4806 828 4869 recentiori
842 4813 968 4892 poetae,
980 4804 1085 4890 qualis
1097 4805 1248 4870 Clemens
1264 4804 1327 4870 fuit
1339 4803 1392 4872 vel
1404 4806 1552 4892 quisquis
1568 4808 1727 4894 hymnum
