3800 5474
330 395 399 452 LlB.
413 395 460 450 Ill.
483 395 530 448 DE
546 394 771 450 RHYTHMlClS
787 395 938 450 LEGIBUS
954 395 1150 450 CARMINUM
1167 393 1464 448 llYZANTlNOIlUM.
1594 393 1628 447 cl

262 541 413 627 Denique
434 563 476 605 ne
498 542 606 606 media
621 541 752 628 quidem
772 564 846 628 pars
863 563 978 606 versus
1000 563 1038 606 ea
1060 539 1192 606 licentia
1213 561 1348 627 prorsus
1371 549 1471 624 caret,
1494 549 1531 605 ut
1553 561 1629 604 ana-

177 653 309 732 paestus
332 643 451 726 iambi,
474 643 527 708 vel
549 642 699 729 dactylus
723 643 865 709 trochaei
887 643 994 710 locum
1016 643 1177 724 obtineat,
1201 642 1292 706 velut

281 746 422 825 Προεομ
447 745 497 827 ΙΙ,
520 745 558 810 3:
581 745 719 825 ἄχραντε
741 748 882 827 παρθένε
906 744 910 829 l
935 750 1038 812 εῶεον
1061 746 1152 826 ἡμᾶε.

252 834 258 842 ’
580 847 710 927 φύλακα
732 849 783 912 καὶ
805 847 921 927 ῥύετην
946 847 950 930 l
975 847 1134 928 ύμνούμεν
1157 851 1281 913 πιετῶε.

260 946 352 1011 Ioan.
368 945 435 1029 VI,
459 945 496 1024 α’,
522 948 555 1010 1:
578 953 625 1032 τῷ
648 953 764 1028 εωτῆρι
785 955 859 1034 θεῷ.

585 1051 711 1134 ᾄςωμεν
734 1050 852 1116 πάντεε
873 1052 956 1117 λαοί.

175 1148 389 1237 Theophanes
412 1149 441 1231 I,
464 1151 502 1229 η’,
529 1151 560 1212 l:
584 1151 682 1216 ἄκουε
704 1151 782 1232 κόρη
805 1154 944 1233 παρθένε
966 1153 1058 1231 ἁγνή.

581 1252 681 1332 νόμοε
704 1252 799 1318 ούτοε
822 1254 934 1321 θεόθεν
957 1259 1093 1336 βροτοῑε.

291 1351 379 1417 And·
403 1352 436 1435 I,
460 1349 497 1431 ς’,
521 1351 557 1414 32
580 1355 631 1418 καὶ
653 1353 814 1434 ἀνήγαγεν
837 1355 871 1420 ἑκ
893 1361 1019 1438 φθορᾶε
1043 1354 1048 1441 l
1070 1358 1130 1437 τὴν
1153 1357 1238 1434 ζωήν
1262 1377 1331 1435 μου.

578 1455 634 1521 ἵνα
655 1458 696 1535 μὴ
718 1451 759 1522 τύ
779 1457 881 1539 χάεμα
901 1462 957 1538 nic
979 1462 1038 1537 γῆε
1062 1457 1066 1540 Ι
1091 1459 1123 1524 a
1145 1457 1339 1541 ευγκαλύψῃ.

176 1556 242 1622 Sed
264 1577 337 1620 rara
359 1565 435 1620 sunt
455 1555 552 1621 huius
580 1555 731 1621 licentiae
759 1558 909 1645 exempla
935 1581 995 1624 nec
1023 1559 1090 1624 scio
1112 1580 1154 1622 an
1176 1556 1384 1623 librariorum
1407 1558 1509 1620 errori
1530 1556 1627 1621 debe·

175 1666 286 1738 antur,
313 1658 506 1744 praesertim
528 1679 601 1722 curn
624 1681 665 1722 no
687 1659 791 1724 modis
814 1660 945 1747 quidem
968 1661 1047 1726 satis
1071 1659 1290 1726 excusationis
1312 1659 1465 1724 habeant.
1510 1658 1627 1744 Negle-

175 1761 288 1844 gentia
308 1780 387 1823 vero
409 1757 610 1823 melodorum
632 1761 754 1825 factum
777 1772 841 1842 est,
865 1772 902 1827 ut
922 1762 976 1828 hic
997 1761 1066 1826 illic
1082 1783 1196 1826 versus
1220 1769 1288 1826 toto
1310 1762 1392 1847 pede
1414 1760 1569 1843 abundet,
1592 1771 1628 1826 ut

281 1861 389 1925 Cosm.
406 1859 440 1944 I,
464 1859 501 1939 α’,
524 1861 558 1925 5:
582 1862 702 1942 Φαραὼ
725 1868 794 1930 τοῑε
816 1865 948 1947 ύρμαειν
972 1865 976 1949 Ι
1000 1867 1153 1946 κροτήεαε
1175 1865 1310 1942 ἥνωεεν.

580 1965 734 2044 κατελύθη
757 1966 925 2047 φρύαγμα,
950 1965 955 2052 Ι
978 1967 1083 2045 ἀπάτη
1107 1965 1270 2044 ἀνετράπη
1294 1966 1339 2030 δέ.

266 2062 375 2127 Cosm.
392 2063 451 2144 IV,
466 2061 503 2143 η’,
519 2064 556 2128 3:
578 2071 616 2149 τῇ
640 2067 740 2145 φλογὶ
760 2070 796 2132 δὲ
818 2069 858 2148 μὴ
881 2070 1087 2150 λωβηθὲντεε.

580 2169 644 2245 πρὸ
667 2170 845 2246 προεώπου
866 2175 926 2236 τού
948 2171 1044 2236 θείου.

262 2266 369 2330 Cosm.
393 2264 435 2348 V,
459 2266 498 2343 α’,
521 2265 557 2329 4:
582 2273 743 2349 ουεμενεῑε
767 2271 907 2350 ὁρῶντε(
930 2273 965 2337 ἐν
988 2273 1075 2356 αὐτῷ
1100 2270 1323 2352 ύποβραχίουε.

580 2371 790 2446 ἐπιγνώεεεθε
813 2376 912 2454 φωτὶ,
937 2375 982 2439 ὼε
1005 2373 1207 2452 ἐξαετρὰπτω
1231 2372 1402 2455 ἀπροείτῳ.

224 2468 314 2532 Ioan.
339 2467 439 2548 Vlll,
463 2467 496 2546 ζ’,
519 2471 556 2533 5:
580 2472 615 2535 ἐν
637 2478 675 2555 τῇ
697 2476 806 2553 γαετρὶ
828 2495 885 2538 coc
908 2475 1099 2554 ὁλόκληρον,
1123 2475 1168 2539 δι’
1190 2474 1228 2551 ἢε
1249 2474 1323 2554 ἡμῖν
1345 2473 1550 2540 ἐξανέτειλεν.

580 2573 632 2636 διὰ
661 2579 798 2654 εταυροῦ
826 2577 888 2655 γὰρ
915 2577 996 2654 ἤρθη
1020 2575 1038 2640 ὁ
1061 2575 1180 2641 δίκαιος
1207 2577 1258 2639 καλ
1286 2581 1419 2660 κραταιᾷ
1446 2576 1524 2654 χειρὶ
1553 2596 1625 2639 εον-

174 2672 261 2736 conl.
277 2671 369 2734 Ioan.
386 2670 445 2753 IV,
462 2667 501 2751 η’,
520 2675 554 2754 13
579 2671 639 2755 VI,
655 2673 692 2752 α’,
709 2676 746 2758 4;
771 2675 918 2764 Theopb.
934 2675 962 2756 I,
980 2673 1015 2754 θ’,
1034 2677 1062 2739 1.
1431 2677 1624 2760 [ανὲετηεαε.

260 2771 325 2836 Sed
346 2773 381 2835 in
404 2769 454 2835 bis
477 2773 627 2838 omnibus
648 2775 730 2840 locis
757 2800 798 2841 ne
827 2777 964 2842 subtiles
993 2781 1133 2842 rationes
1160 2779 1301 2842 musicas
1331 2777 1500 2856 scruteris,
1528 2787 1626 2862 poeta

173 2885 269 2958 grata
291 2871 431 2958 quadam
454 2872 661 2959 neglegentia
682 2880 891 2943 severitatem
912 2879 995 2964 legis
1023 2879 1162 2944 violasse
1190 2879 1336 2959 videtur,
1365 2879 1485 2964 quain
1507 2899 1542 2942 re
1564 2881 1625 2942 hoc

173 2977 290 3039 mirum
313 2975 451 3058 accidit,
475 2977 562 3061 quod
585 2979 618 3041 in
640 2977 752 3044 latinis
775 2982 952 3066 sequentiis
975 2981 1125 3045 similiter
1147 2989 1231 3045 totos
1254 2980 1354 3067 pedes
1377 2989 1491 3045 contra
1511 3000 1622 3043 nume·

172 3099 283 3142 rorum
306 3074 451 3160 regulam
474 3078 683 3164 interpositos
708 3081 896 3146 Bartschius
919 3081 940 3145 l.
965 3084 983 3147 l.
1006 3082 1187 3167 indagavit.

516 3263 579 3328 Du
602 3265 912 3334 STROPHARUM
934 3268 1283 3336 COMPOSITIONE.

258 3379 413 3446 Pluribus
437 3405 479 3446 ex
502 3384 651 3449 versibus
675 3388 855 3452 coniunctis
872 3389 1024 3474 strophae
1039 3389 1119 3467 sive,
1135 3396 1172 3452 ut
1187 3387 1365 3473 byzantino
1387 3387 1516 3452 nominc
1538 3395 1623 3470 utar,

173 3485 317 3570 troparia
339 3483 535 3548 efficiuntur.
580 3485 736 3552 Veterum
765 3489 967 3554 Graecorum
995 3489 1225 3576 strophae-aut
1248 3487 1381 3573 paribus
1405 3497 1462 3552 παλ
1485 3487 1622 3572 dispari·

172 3586 237 3650 bus
259 3585 409 3648 versibus
432 3586 635 3670 constabant,
659 3591 716 3655 sed
739 3589 834 3675 longe
856 3591 964 3677 plures
980 3592 1146 3677 disparem
1162 3611 1313 3654 versuum
1336 3599 1439 3671 eraut,
1463 3587 1622 3674 siquidem

173 3709 270 3774 pares
293 3707 408 3750 versus
431 3689 465 3751 in
487 3691 588 3775 epicis
611 3693 769 3776 poematis
792 3697 825 3756 ot
847 3693 1005 3760 diverbiis
1034 3694 1083 3776 (ἐν
1105 3695 1254 3773 ποιήματι
1276 3693 1355 3757 κατὰ
1377 3693 1498 3774 ετίχον)
1520 3692 1621 3755 conti-

172 3811 286 3871 nuare,
315 3788 463 3872 dispares
491 3790 525 3854 in
551 3789 665 3878 lyricis
689 3795 886 3860 carminibus
909 3795 1113 3881 stropharum
1137 3791 1280 3880 periodis
1301 3792 1467 3857 includere
1489 3813 1623 3856 consue-

173 3901 299 3958 verant.
323 3887 500 3954 Christiani
515 3903 623 3957 autem
640 3896 758 3960 melodi
775 3899 820 3960 ita
835 3897 869 3960 in
885 3896 965 3960 duas
982 3907 1090 3983 partos
1107 3895 1340 3977 discesserunt,
1353 3905 1390 3958 ut
1405 3893 1497 3958 latini
1510 3905 1542 3958 et
1553 3895 1623 3980 syri

173 3995 242 4058 l'ere
258 4014 298 4056 ex
314 3988 456 4077 paribus,
472 3995 581 4076 graeci
604 4019 646 4059 cx
667 3997 852 4083 disparibus
876 3997 955 4063 colis
971 3999 1187 4083 versibusque
1209 3997 1358 4083 strophas
1380 4006 1621 4082 componerent.

170 4097 257 4161 Nam
280 4099 409 4178 practer
430 4093 672 4179 Anacreontea,
696 4121 795 4186 qliae,
819 4122 892 4166 cum
917 4103 1036 4167 veteris
1059 4099 1203 4164 ludicrae
1226 4100 1333 4184 poesia
1356 4097 1493 4160 formam
1516 4097 1621 4162 imita·

169 4206 296 4276 rentur,
320 4214 361 4256 cx
384 4192 546 4276 dignitate
567 4203 746 4265 carminum
769 4202 1062 4267 ecclesiasticorum
1084 4200 1351 4281 excludebantur,
1373 4221 1474 4262 unum
1496 4206 1620 4262 tantum

168 4318 303 4368 carmon
325 4315 477 4378 graccum
499 4302 593 4384 novi,
616 4305 707 4367 cuius
731 4304 884 4390 strophae
907 4326 949 4379 ex
971 4305 1104 4390 paribus
1128 4300 1205 4366 colis
1221 4308 1380 4378 constant,
1398 4296 1622 4384 mogalynaria

169 4410 249 4478 dico
271 4403 324 4466 die
347 4396 431 4461 festo
452 4404 509 4479 τῆε
531 4404 675 4485 ἀπαντῆε
699 4408 831 4487 Χριετού
854 4405 898 4491 (2.
922 4406 1018 4470 Febr.
1041 4399 1119 4468 ¹iride
1141 4426 1172 4489 p.
1195 4403 1251 4489 84)
1274 4411 1418 4466 cantate:

379 4505 616 4586 Ἀκατὰληπτόν
639 4509 723 4575 ἐετιν
996 4509 1207 4584 Ἀγκαλίζεγαι
1229 4505 1335 4586 χερεὶν

380 4615 418 4680 τὸ
440 4610 637 4688 τελούμενον
659 4612 695 4677 ἐν
718 4611 766 4677 col
998 4610 1017 4673 ὁ
1040 4610 1214 4692 πρεεβύτηε
1237 4608 1367 4688 (υμεὼν

380 4718 431 4781 καὶ
453 4715 601 4792 ἀγγέλοιε
624 4715 676 4779 καὶ
698 4717 842 4794 βροτοῑε,
997 4713 1055 4777 τὸν
1077 4717 1136 4778 τοῦ
1158 4713 1260 4792 νόμου
1282 4711 1418 4789 ποιητὴν

380 4816 621 4899 μητροπὰρθενε
644 4817 733 4894 ἁγνή.
998 4815 1049 4879 καὶ
1070 4814 1226 4892 δεεπότην
1249 4816 1307 4877 τοῦ
1330 4811 1460 4875 παντόε.
