3800 5474
339 431 406 486 LlB.
423 431 456 486 ll.
487 431 533 486 DE
549 431 968 488 GENERlBUSCARMlNUM
983 433 1347 491 ECCLESIASTlCORUM.
1430 503 1434 512 ¹
1483 439 1568 494 LXXI

113 579 190 644 inde
212 576 428 641 derivandum
444 599 516 642 esse
530 589 657 661 censet,
681 579 767 666 quod
783 581 902 660 omnia,
918 603 1003 666 quae
1017 583 1051 646 in
1066 604 1103 648 eo
1119 584 1356 667 contineantur,
1372 606 1409 649 eo
1424 586 1568 650 maxime

113 688 277 766 spectent,
301 688 338 743 ut
358 689 562 766 peccatorem
578 680 796 746 consolentur.
827 682 895 747 Nos
915 684 948 747 in
966 683 1182 766 carminibus,
1206 705 1291 771 quae
1306 706 1348 750 ex
1363 685 1566 752 Paracletico

113 783 147 846 in
169 780 253 845 hanc
275 779 497 865 anthologiam
518 783 719 868 recepimus,
741 784 1012 868 recognoscendis
1035 785 1149 851 codice
1164 785 1353 851 Monacensi
1370 786 1566 874 bombycino

113 906 145 946 n.
167 883 231 948 205
253 903 339 947 saec.
364 881 452 946 XIII
475 883 536 968 (D)
559 884 611 948 usi
634 905 756 949 sumus.

199 987 356 1064 Μηναῑα
390 1005 570 1049 annuamm
607 983 848 1050 solemnitatum
885 989 1028 1052 carmina
1065 989 1242 1054 secundum
1274 1011 1402 1056 menses
1435 992 1566 1074 (μῆνας)

112 1086 273 1171 disposita
295 1084 563 1172 complectuntur,
581 1089 733 1174 aquibus
757 1087 924 1153 mensibus
948 1111 1065 1154 nomeu
1081 1091 1236 1170 Μηναίιυν
1258 1091 1486 1175 obtinuerunt3
1509 1115 1565 1157 ex·

112 1188 239 1252 orditur
265 1196 374 1252 autem
401 1186 485 1253 liber
513 1189 548 1252 in
575 1188 748 1254 duodecim
770 1200 879 1276 partes
904 1191 1032 1256 divisus
1054 1213 1074 1253 a
1096 1213 1207 1258 mense
1229 1192 1427 1280 Septembri,
1451 1204 1567 1280 utpote

112 1291 170 1374 qui
198 1289 231 1353 in
259 1287 493 1354 indictionibus
525 1289 734 1354 Iustinianeis
763 1293 902 1376 primum
933 1292 1038 1358 locum
1068 1303 1214 1380 occupet.
1259 1295 1466 1360 Carminibus
1496 1318 1566 1360 suc·

111 1394 224 1456 cincta
248 1391 411 1455 enarratio
441 1392 534 1455 vitae
558 1391 751 1457 Sanctorum
774 1403 807 1458 et
828 1415 998 1459 causarum
1026 1395 1184 1481 cuiusque
1206 1396 1421 1463 solemnitatis
1444 1397 1566 1462 inserta

111 1503 179 1576 est,
207 1515 304 1579 quarn
333 1513 373 1556 ex
403 1492 582 1579 Nicephori
605 1491 733 1558 Callisti
755 1495 958 1574 (υναξαρίιυν
986 1494 1070 1561 libro
1093 1495 1317 1583 depromptam
1341 1507 1414 1584 post
1436 1510 1565 1564 sextum

110 1595 207 1659 odam
229 1594 363 1658 canonis
386 1595 543 1681 cuiusque
565 1594 631 1659 diei
653 1593 904 1661 collocaverunt.
950 1596 1086 1662 Plenum
1108 1597 1315 1664 Menaeorum
1339 1598 1482 1664 codicem
1505 1622 1566 1664 nec

110 1695 324 1760 Monacensis
345 1717 406 1758 nec
428 1693 693 1760 Vindobonensis
721 1695 939 1762 bibliothecae
966 1700 1001 1762 in
1029 1698 1240 1788 amplissimis
1274 1702 1378 1787 copiis
1408 1701 1566 1786 indagare

110 1797 193 1860 mihi
216 1797 369 1880 contigit,
393 1795 451 1860 sed
474 1795 622 1883 pluribus
645 1796 831 1881 codicibus,
855 1802 911 1884 qui
934 1802 1030 1864 unius
1052 1800 1253 1888 alteriusque
1274 1803 1395 1866 mensis
1419 1804 1566 1866 carmina

108 1895 406 1983 amplectebantur,
434 1920 513 1962 usus
541 1920 623 1962 sum.
668 1897 760 1963 Inter
789 1922 843 1978 eos
873 1903 1053 1989 principem
1082 1902 1188 1967 locum
1216 1903 1280 1968 sibi
1303 1903 1474 1968 vindicant
1497 1903 1562 1970 duo

109 1997 242 2064 codices
271 1997 542 2064 vindobonenses
571 2001 771 2066 membranei
799 2003 942 2089 optimae
970 2013 1066 2068 notae
1094 2002 1171 2088 (G),
1201 2005 1273 2090 qui,
1302 2026 1376 2068 cum
1404 2007 1564 2070 mensium

108 2100 225 2165 Martii
247 2111 278 2167 et
301 2099 383 2165 Maii
410 2102 556 2164 carmina
583 2102 784 2184 contineant,
813 2102 1009 2191 amplissimi
1037 2106 1144 2190 operis
1168 2105 1341 2172 duodecim
1363 2105 1564 2171 voluminum
1594 2103 1597 2110 “

109 2213 220 2288 partes
242 2200 346 2266 fuisse
368 2200 533 2267 videntur.
576 2202 750 2268 Praeterea
776 2203 977 2270 bibliotheca
1004 2204 1269 2272 Vindoboncnsis
1299 2207 1379 2271 mihi
1409 2208 1563 2296 suppedi-

109 2304 196 2368 tavit
217 2302 288 2368 cod.
313 2302 454 2387 theolog.
477 2325 509 2367 n.
532 2304 574 2368 33
597 2303 829 2390 bombycinum
853 2307 924 2390 (F),
954 2307 1010 2394 qui
1038 2309 1182 2372 earmina
1203 2307 1336 2374 alterius
1361 2310 1464 2397 partis
1486 2310 1564 2373 anni

107 2408 182 2470 sive
210 2406 371 2468 mensium
394 2403 523 2488 Martii,
553 2405 696 2492 Aprilis,
724 2407 821 2490 Maii,
851 2408 951 2486 Iunii,
984 2408 1077 2490 IuliI,
1106 2411 1251 2493 Augusti
1273 2423 1407 2476 exarata
1430 2420 1462 2475 et
1484 2411 1564 2476 idio-

107 2505 194 2570 mela
223 2509 308 2571 notis
338 2506 469 2570 musicis
498 2507 659 2573 instructa
688 2508 838 2592 exhibet,
867 2509 939 2573 cod.
962 2508 1060 2574 theol.
1083 2531 1115 2573 n.
1141 2511 1201 2576 183
1223 2511 1274 2596 (J)
1305 2522 1337 2577 et
1363 2510 1436 2576 cod.
1464 2510 1562 2576 theol.

106 2633 138 2674 n.
164 2607 226 2672 186
249 2608 327 2692 (K),
361 2629 498 2694 quorum
531 2610 620 2695 prior
651 2610 794 2674 Ianuarii
828 2609 1082 2698 Februariique,
1115 2610 1199 2676 alter
1227 2611 1424 2676 Novembris
1454 2612 1564 2676 officia

105 2711 267 2775 continet.
305 2708 510 2774 Monacensis
535 2730 611 2774 vero
633 2709 833 2775 bibliotheca
854 2733 959 2798 nuper
981 2712 1061 2776 duos
1085 2713 1215 2778 codices
1230 2713 1440 2778 Menaeorum
1463 2735 1561 2778 mem·

107 2815 247 2878 bruneus
276 2833 308 2875 ιι.
331 2809 394 2876 586
417 2819 448 2874 et
468 2811 530 2874 587
558 2822 654 2875 nacta
682 2822 747 2893 est,
775 2814 830 2899 qui
859 2812 982 2877 mensis
1011 2813 1204 2880 Decembris
1234 2813 1388 2902 pleraque
1418 2816 1563 2880 canuina

106 2913 396 2999 neglegentissime
418 2912 541 2998 scripta
563 2910 831 2998 complectuntur.
875 2914 980 3000 Typis
1002 2914 1140 2979 Mcuaea
1167 2937 1265 3002 saepe
1288 2917 1455 3002 exscripta
1477 2926 1561 2990 sunt,

106 3013 285 3080 novissima
317 3011 465 3078 Venetiis
492 3035 521 3076 a.
556 3013 637 3078 1869
668 3036 746 3078 cura
779 3015 892 3080 Barth.
922 3014 1163 3080 Cutlumusiani
1195 3016 1327 3102 Imbrii,
1363 3019 1419 3105 qui
1452 3017 1562 3083 multis

105 3115 236 3180 mendis
259 3116 402 3202 priorum
425 3113 606 3179 editionum
628 3116 747 3200 partim
762 3115 912 3180 codicum
927 3139 1003 3204 ope,
1028 3118 1147 3204 partim
1168 3119 1291 3203 ingenii
1314 3119 1464 3184 acumine
1486 3120 1562 3185 sub-

104 3219 183 3282 latis
206 3215 372 3303 praeclare
395 3216 436 3279 de
459 3215 509 3280 his
531 3215 624 3280 libris
648 3217 783 3280 meritus
806 3228 864 3283 est.
908 3218 1081 3284 Praeterea
1107 3218 1161 3283 hic
1183 3217 1251 3286 illic
1274 3220 1451 3286 editionem
1474 3220 1560 3308 prin-

104 3321 228 3406 cipem,
257 3339 341 3404 quae
362 3317 510 3383 Venetiis
534 3339 619 3382 anno
644 3317 725 3382 1595
745 3340 766 3382 a
787 3318 931 3404 Georgio
960 3321 1073 3385 Blasto
1103 3320 1274 3386 sacerdote
1297 3321 1445 3387 Cretensi
1466 3321 1561 3386 ador·

104 3431 185 3486 nata
207 3419 345 3504 prodiit,
369 3419 509 3506 inspexi.

192 3524 390 3606 Τριῴδιον
412 3531 445 3586 et
466 3521 819 3601 Πεντηκοιτάριον
852 3521 1079 3609 supplementa
1111 3521 1272 3610 quaedam
1306 3521 1462 3588 librorum
1492 3523 1560 3588 Me—

103 3645 263 3688 nacorum
292 3634 384 3705 suunt,
421 3643 494 3686 cum
528 3623 613 3686 enim
642 3623 780 3687 Menaea
808 3623 1066 3705 solemnitatum,
1099 3645 1182 3711 quae
1211 3625 1306 3688 statis
1334 3623 1450 3689 diebus
1481 3625 1562 3690 fiunt

102 3731 189 3810 (τῶν
205 3725 365 3803 ἀκινήτων
380 3724 527 3805 ἑορτῶν),
549 3726 695 3788 carmina
710 3724 912 3805 contineant,
936 3727 970 3789 in
986 3725 1121 3791 Triodio
1137 3735 1170 3790 et
1185 3725 1429 3792 Pentecostario
1451 3748 1562 3792 eorum

102 3828 252 3907 dierum,
279 3826 336 3910 qui
363 3846 429 3888 una
451 3847 523 3889 eum
547 3823 600 3889 die
623 3825 769 3913 paschali
791 3837 974 3908 moventur,
1003 3828 1148 3892 carmina
1169 3828 1299 3893 adiecta
1321 3838 1407 3892 sunt.
1452 3831 1561 3915 Atque

101 3927 265 3994 Triodion
287 3925 420 4013 quidem
442 3926 552 3991 officia
572 3931 629 4006 τῆ(
650 3928 917 4008 Τειεαρακοιιῆι,
941 3928 975 3992 id
991 3938 1040 3994 est
1054 3951 1075 3994 a
1089 3928 1252 3993 dominica
1266 3928 1434 3994 Pharisaei
1458 3951 1562 4017 usque

100 4031 146 4096 ad
171 4029 343 4094 sabbatum
366 4051 503 4114 magnae
525 4028 755 4111 hebdomadis,
785 4028 1004 4116 amplectitur,
1033 4029 1150 4117 quibus
1179 4030 1295 4095 diebus
1324 4053 1396 4095 cum
1420 4033 1507 4096 tristi
1529 4041 1562 4097 et

101 4131 221 4198 humili
255 4132 400 4198 oratione
434 4131 482 4194 uti
515 4129 709 4195 christianos
743 4130 872 4214 deceat,
907 4131 990 4197 liber
1018 4133 1087 4219 ipse
1116 4131 1359 4217 deprecatorias
1387 4133 1560 4218 (Τριῴδιον

101 4235 348 4313 κατανυκτικόν)
370 4233 629 4316 cognominatur.
666 4231 730 4298 Sed
752 4235 786 4297 in
809 4231 972 4298 nonnullis
995 4233 1178 4310 codicibus,
1203 4232 1288 4297 utin
1304 4232 1560 4315 cod.Vaticano,

100 4357 171 4423 quo
193 4337 281 4418 Aug.
298 4333 405 4397 Maius
429 4335 462 4396 in
485 4333 574 4417 Spic.
597 4357 677 4398 rom.
701 4343 723 4397 t.
747 4332 794 4397 IV
817 4357 895 4398 usus
918 4345 982 4412 est,
1006 4333 1151 4398 carmina
1171 4332 1409 4418 insequentium
1431 4355 1560 4420 quoque

100 4437 234 4504 dierum
257 4457 359 4521 usque
382 4434 424 4498 ad
446 4434 586 4522 pridiem
608 4437 815 4500 Pentecostes
838 4435 951 4500 eodem
975 4435 1059 4500 libro
1082 4435 1315 4521 comprehensa
1336 4443 1422 4499 sunt.
1467 4433 1560 4500 Trio·

100 4540 153 4602 dii
178 4549 288 4601 autem
310 4559 427 4602 nomen
456 4535 539 4602 liber
566 4537 724 4618 obtinuit,
753 4538 841 4624 quod
871 4535 992 4602 triodia
1018 4538 1090 4600 sive
1117 4535 1245 4600 cantica
1265 4535 1386 4599 trinum
1410 4534 1558 4619 odarum,

99 4643 139 4705 in
155 4637 303 4703 Menaeis
320 4637 377 4702 illa
390 4639 521 4724 quidem
543 4639 725 4722 rarissima,
748 4638 861 4704 crebro
884 4640 918 4702 in
941 4661 979 4703 eo
1001 4647 1183 4702 occurrunt.
1219 4636 1454 4703 Pentecostarii
1477 4657 1555 4702 vero

100 4741 205 4823 liber,
228 4741 319 4804 cuius
347 4760 465 4804 nomen
487 4740 706 4826 explicatione
734 4763 797 4804 non
824 4741 964 4825 indiget,
988 4738 1096 4804 osticia
1118 4737 1317 4826 reliquorum
1338 4737 1464 4802 dierum
1485 4760 1551 4803 mo·

98 4841 224 4908 bilium
238 4841 317 4906 inde
331 4864 352 4906 a
366 4843 420 4907 die
434 4842 581 4929 paschali
596 4865 699 4930 usque
715 4842 755 4908 ad
772 4840 860 4906 diem
875 4842 995 4905 festum
1011 4840 1164 4906 Omnium
1180 4842 1373 4906 Sanctorum
1395 4841 1551 4905 continet.
