3800 5474
406 325 416 336 '
507 356 574 410 nm.
588 356 609 412 1.
638 357 686 411 ns
701 356 828 414 rosus
843 357 1071 414 camerinus
1086 357 1248 416 camere.
1569 362 1608 416 m

156 499 305 564 omnibus
327 499 478 565 undecim
501 502 700 568 carminibus
715 503 858 568 totidem
885 526 1000 572 versus
1028 504 1193 592 iidemque
1220 507 1347 574 numeri
1376 514 1471 587 sunt,
1502 516 1610 572 tamen

154 601 244 668 modi
273 623 385 666 eorum
412 603 459 666 ita
491 604 576 669 inter
603 606 639 668 ‘se
668 604 873 693 discrepant,
908 593 948 671 'ut
976 605 1041 672 alia
1069 605 1152 672 alius
1182 609 1252 673 toni
1281 607 1423 673 indolem
1453 607 1608 674 referant.

155 701 300 787 Singulis
333 702 606 792 Exaposteilariis
638 705 809 772 theotokia
831 708 875 784 ,in
903 706 997 774 libris
1024 707 1219 791 adhaerent,
1249 731 1331 796 quae
1360 709 1446 796 quod
1474 731 1539 773 non
1567 708 1610 796 ab

156 803 369 872 Constantino
401 827 477 892 rege
504 807 575 892 ipso
602 806 738 878 adiecta,
754 830 825 874 esse
847 807 1017 890 videntur,
1050 829 1092 874 ex
1114 809 1174 875 hac
1195 810 1384 896 anthologia
1406 810 1610 876 seclusimus.

156 905 239 970 Cum
261 906 348 989 enim
371 907 405 972 in
426 906 537 973 verbis
560 909 860 990 Ἐξαποετειλαρίων
883 909 1064 976 referendis
1086 909 1162 976 libri
1173 911 1246 1001 ,fere
1262 913 1347 978 inter
1361 935 1396 978 se
1412 914 1608 998 conspirent,

155 1007 189 1071 in
211 1007 389 1074 theotokiis
412 1009 446 1074 in
468 1008 710 1076 diversissimas
732 1020 843 1098 partes
865 1013 913 1076 ita
934 1011 1122 1097 discedunt,
1145 1024 1183 1078 ut
1204 1012 1260 1079 alii
1281 1014 1363 1080 alias
1380 1014 1530 1102 strophas
1553 1037 1609 1080 ex·

155 1108 298 1174 hibeant.
343 1109 455 1190 Quare
484 1112 555 1176 veri
584 1101 690 1178 simile
719 1133 790 1178 esse
819 1112 967 1178 ducimus
997 1125 1164 1180 crescente
1191 1116 1225 1179 in
1254 1117 1324 1180 dies
1354 1116 1480 1181 Mariae
1509 1114 1609 1200 cultu,

154 1232 228 1275 cum
255 1211 307 1276 bis
338 1211 537 1278 carminibus
564 1234 629 1277 non
656 1235 760 1301 aeque
787 1223 885 1302 atquc
913 1235 1073 1282 canonum
1095 1214 1168 1282 odis
1191 1217 1320 1302 singula
1341 1217 1512 1284 theotokia
1534 1219 1609 1284 sub·

154 1314 266 1378 iuncta
287 1333 359 1378 esse
382 1312 516 1380 moleste
538 1313 673 1397 ferrent,
688 1316 780 1381 vario
802 1317 897 1382 modo
920 1316 979 1382 has
1002 1315 1134 1382 lacunas
1158 1317 1305 1405 expletas
1323 1341 1404 1384 esse.
1498 1325 1507 1334 “

239 1415 346 1481 Λέων
369 1414 389 1479 ὁ
412 1416 599 1496 βαειλεὺε
618 1415 815 1502 (886-912)
839 1417 1003 1504 Sapientis
1026 1441 1205 1504 cognomen
1227 1421 1365 1505 meruit,
1388 1420 1475 1508 quod
1497 1419 1608 1486 litera·

153 1537 226 1580 rum
254 1516 436 1603 artiumque
463 1515 572 1581 studia
599 1518 813 1604 promovebat
840 1519 965 1606 etipse
993 1515 1138 1586 earmina
1166 1521 1359 1607 componere
1388 1530 1525 1587 conatus
1548 1530 1607 1587 est.

153 1618 289 1684 Praeter
315 1617 410 1684 odam
440 1616 698 1705 deprecatoriam
726 1621 974 1686 Anacreontiois
1003 1621 1152 1687 versibus
1180 1625 1394 1709 compositam
1416 1633 1450 1688 et
1471 1645 1491 1687 a
1513 1623 1607 1688 nobis

153 1741 185 1802 p.
206 1719 250 1784 48
271 1741 321 1806 sq.
354 1718 476 1784 editam
503 1741 563 1786 sex
591 1720 744 1787 idiomela
771 1721 838 1805 (12.
861 1720 951 1808 Sept.
977 1723 1026 1788 17.
1052 1723 1126 1788 Oct.
1155 1722 1269 1797 Triod.
1292 1747 1324 1812 p.
1347 1725 1420 1806 207,
1443 1725 1523 1808 319,
1545 1725 1609 1788 320

152 1818 246 1884 Pent.
271 1820 347 1905 187)
380 1829 413 1885 et
443 1821 596 1887 undecim
632 1823 778 1888 earmina
810 1824 970 1890 matutina
998 1825 1146 1907 (Ἑωθινὰ
1175 1826 1382 1909 ἀναετάειμα)
1415 1827 1608 1913 composuit.

151 1920 298 1985 Primum
331 1941 460 1988 carmen
493 1923 772 2006 Anacreonteum,
800 1925 886 2011 quod
914 1926 1091 2011 imaginem
1125 1935 1285 1992 terrorum
1322 1927 1461 1993 extremi
1494 1927 1608 1992 iudicii

152 2019 276 2086 vividis
298 2020 460 2088 coloribus
484 2024 648 2111 depingit,
673 2023 794 2090 elatum
809 2025 964 2112 quiddam
979 2036 1012 2091 et
1032 2027 1198 2092 fervidum
1214 2029 1334 2116 spirst3
1357 2028 1482 2115 reliqua
1497 2050 1625 2115 quam-1

152 2143 251 2208 quam
272 2122 362 2187 humi
383 2133 517 2210 repunt,
546 2135 656 2191 tamen
677 2126 796 2192 ieiunis
820 2128 1020 2195 carminibus
1042 2130 1275 2216 imperatorum
1298 2130 1506 2197 Constantini
1529 2130 1606 2196 Por-

151 2223 418 2310 phyrogennetac
440 2234 474 2292 et
495 2226 694 2310 Justiniani,
721 2249 802 2313 quos
825 2227 967 2313 collegas
989 2231 1022 2294 in
1045 2230 1182 2316 poeticis
1205 2231 1324 2298 studiis
1352 2232 1483 2314 habuit,
1510 2231 1607 2317 longe

151 2335 331 2410 praestant.

237 2427 407 2510 rotome,
430 2428 571 2514 primum
591 2429 786 2512 monachus,
808 2440 879 2496 tum
894 2433 1066 2519 episcopus
1082 2431 1315 2515 Hidruntinus,
1332 2433 1375 2500 ab
1389 2434 1513 2500 Leonte
1528 2455 1605 2521 rege

151 2527 313 2595 adductus
327 2523 330 2531 ’
343 2551 415 2594 esse
442 2538 610 2615 narretur,
638 2540 676 2596 nt
701 2530 844 2596 Oosmae
867 2533 1029 2600 tetraodio
1056 2537 1168 2620 magni
1201 2534 1329 2602 sabbati
1357 2545 1498 2622 quatuor
1524 2536 1604 2601 odas

150 2630 361 2717 praefigeret,
383 2651 447 2717 quo
469 2631 583 2718 plenus
606 2653 646 2696 ac
668 2632 772 2700 iustus
788 2653 892 2698 canon
907 2633 1108 2719 efficeretur3
1131 2638 1217 2701 coni.
1234 2635 1417 2704 Cedrenum
1433 2660 1465 2724 p.
1481 2637 1544 2702 599
1559 2637 1602 2702 D.

150 2730 248 2796 Hanc
280 2731 483 2818 provinciam
514 2732 562 2800 ita
594 2732 853 2818 administravit,
887 2744 923 2800 ut
950 2735 1068 2802 Casiae
1101 2737 1278 2804 monachae
1305 2737 1419 2803 birmis
1449 2747 1604 2823 uteretur,

150 2831 191 2897 de
214 2853 279 2919 qua
299 2854 401 2918 supra
422 2834 489 2899 iam
510 2832 733 2901 disseruimus.

237 2935 432 3002 Μεθόδιο(
454 2955 608 3020 magnum
631 2957 749 3001 nomen
770 2937 803 3000 in
826 2936 963 3002 historia
984 2938 1142 3004 ecclesiae
1163 2962 1301 3025 graecae
1315 2942 1450 3022 meruit,
1474 2942 1561 3027 quod
1583 2964 1604 3006 a

150 3035 275 3122 synodo
291 3035 651 3123 Constantinopolitana
664 3058 750 3102 anno
765 3037 837 3121 842,
854 3049 1026 3126 postquam
1049 3040 1164 3106 fractis
1188 3040 1462 3108 Iconoclastarum
1485 3042 1603 3129 opibus

151 3135 290 3202 Ioannes
316 3138 548 3222 grammaticus
577 3138 798 3224 patriarchatu
826 3161 862 3204 se
884 3140 1067 3224 abdicavit,
1096 3142 1284 3229 patriarcha
1305 3142 1602 3230 Constantinopoli·

148 3248 245 3303 tanus
267 3238 374 3303 factus
398 3247 465 3322 eat,
488 3238 576 3304 unde
598 3239 683 3305 diem
706 3240 776 3304 eins
799 3261 985 3328 supremum
1002 3241 1174 3329 (14.·lun.)
1199 3266 1265 3308 una
1286 3265 1360 3309 cum
1375 3243 1602 3310 recordatione

149 3340 314 3416 atrocium,
335 3339 491 3406 eeclesiae
520 3341 689 3406 turbarum
717 3341 786 3406 eius
814 3340 950 3408 consilio
979 3353 1012 3408 et
1038 3343 1203 3410 industria
1229 3346 1480 3432 compositarum
1508 3355 1602 3429 grata

148 3442 306 3506 memoria
327 3443 514 3506 etiamnunc
535 3453 785 3528 prosequuntur.
824 3443 864 3508 In
883 3443 1095 3509 Menaeorum
1117 3444 1218 3510 libros
1242 3446 1306 3512 duo
1327 3444 1480 3510 idiomela
1501 3445 1601 3531 patri·

146 3542 266 3607 archae
289 3541 462 3607 clarissimi
483 3550 614 3629 recepta
636 3552 727 3626 sunt,
751 3563 887 3628 quorum
909 3565 1009 3608 unum
1031 3543 1063 3607 in
1087 3543 1147 3610 hoo
1170 3544 1252 3610 libro
1275 3568 1307 3632 p.
1326 3545 1367 3610 99
1388 3543 1600 3631 repetendum

146 3643 347 3708 curavimus.

233 3745 429 3822 Ῥωμανὸε
456 3747 541 3810 inter
569 3747 762 3811 vetustiores
790 3745 935 3812 melodos
963 3767 1097 3830 graccos
1119 3748 1298 3833 principem
1318 3748 1425 3813 locum
1448 3748 1599 3834 obtinuit,

146 3853 261 3930 postea
277 3857 401 3926 autem,
424 3867 497 3910 cum
513 3845 721 3912 Sabaitarum
744 3857 777 3912 et
799 3844 1003 3912 Studitarum
1026 3869 1167 3913 canones
1190 3849 1311 3914 maiore
1334 3849 1448 3915 favore
1471 3852 1599 3938 excepti

146 3956 268 4027 essent,
291 3946 448 4033 paulatim
470 3947 657 4014 submoveri
680 3949 715 4015 et
736 3948 769 4014 in
791 3947 990 4022 oblivionem
1013 3951 1126 4016 venire
1153 3951 1270 4038 coepit.
1315 3951 1505 4016 Memoriam
1528 3953 1598 4016 eius

146 4046 235 4134 quod
261 4067 382 4132 graeca
410 4047 548 4116 ecelesia
575 4050 679 4136 primo
706 4048 759 4115 die
787 4051 907 4116 mensis
930 4049 1084 4116 Octobris
1107 4060 1295 4135 conservat,
1326 4051 1535 4136 factumest,
1564 4063 1599 4118 ut

81 4232 84 4236 ¹
147 4148 342 4234 Synaxariis
364 4150 514 4216 notitiem
535 4149 577 4215 de
600 4152 668 4217 eius
690 4151 761 4226 ‚vita
782 4152 931 4237 quamvis
954 4151 1073 4217 exilem
1095 4151 1282 4217 debeamus.
1327 4153 1465 4218 Emesae
1487 4153 1606 4238 igiturp

145 4250 182 4314 in
215 4247 297 4316 urbe
330 4249 461 4337 Syriae,
500 4261 597 4316 natus
630 4249 717 4318 esse
735 4261 768 4318 et
801 4253 977 4320 Anastasio
1017 4273 1094 4338 rege
1127 4252 1433 4339 Constantinopolin
1467 4254 1597 4318 venisse

147 4350 278 4416 dicitur.
343 4351 453 4436 Aegre
497 4360 606 4418 autem
649 4351 806 4436 ferimus,
856 4353 943 4438 quod
986 4375 1052 4420 non
1095 4355 1278 4418 accuratius
1323 4352 1493 4418 definitum
1537 4362 1597 4437 est,

145 4461 257 4518 utrum
295 4451 508 4518 Anastasium
549 4453 706 4540 primum,
747 4456 803 4541 qui
838 4454 1035 4532 491-518,
1079 4477 1122 4523 an
1157 4455 1369 4520 Anastasium
1386 4523 1389 4528 ,
1408 4453 1596 4536 secundum,

146 4555 204 4640 qui
241 4553 422 4620 713-719
454 4556 622 4641 regnavit,
661 4577 720 4621 nos
762 4554 952 4641 intellegere
985 4564 1142 4642 oporteat.
1191 4555 1305 4642 Neque
1337 4555 1516 4643 quidquam
1553 4556 1596 4620 ad

145 4653 231 4719 banc
252 4653 343 4720 litem
366 4655 583 4722 dirimendam
611 4656 756 4724 eeclesiis
786 4655 1153 4742 constantinopolitanis
1176 4657 1212 4724 ἐν
1233 4661 1303 4724 roic
1325 4659 1430 4739 Κύρου
1456 4666 1490 4723 et
1518 4659 1597 4724 Βλα-

145 4761 273 4836 χερνῶν
305 4759 563 4826 commemoratis
596 4757 773 4838 lucramur,
807 4756 1070 4844 quandoquidem
1099 4767 1238 4845 utraque
1263 4761 1326 4824 iam
1359 4767 1435 4824 ante
1457 4761 1595 4824 Anasta·

1349 4864 1388 4921 d*
