3800 5474
300 319 399 374 LXXII
523 371 526 376 .
882 319 1165 374 PROLEGOMENA.

385 466 621 546 Ὡρολόγιον
648 487 765 529 nomen
786 466 913 551 accepit
934 489 955 530 a
976 467 1082 552 prima
1104 473 1137 529 et
1157 465 1334 550 praecipua
1362 474 1469 550 parte,
1499 487 1563 552 qua
1584 487 1700 552 preces
1723 477 1756 531 et

301 568 447 632 carmina
461 575 587 652 septem
603 565 755 631 horarum
771 569 1024 648 (μεεονυκτικοῦ,
1048 567 1169 647 ὄρθρου
1192 569 1270 648 μετὰ
1292 571 1347 646 τῆ(
1370 569 1499 647 πρώτη(
1523 567 1625 648 ὥρα(,
1648 569 1757 648 τρίτη(

228 677 231 683 ’
302 671 404 749 ὥραι,
428 668 519 748 ἕκτη(
542 669 642 747 ὥρα(,
672 669 806 748 ἐννάτη(
830 667 930 748 ιίιρα(,
959 670 1142 748 έεπερινοῦ,
1165 668 1387 752 ἀποδείπνου)·
1402 673 1618 736 continentur.
1666 669 1758 734 Huic

300 772 386 858 parti
410 768 495 836 duae
517 767 602 834 aliae
625 768 773 834 adiectae
795 780 888 853 sunt,
917 791 1054 856 quarum
1081 770 1170 856 prior
1196 771 1370 851 τροπὰρια,
1399 772 1588 838 ἀπολυτίκια
1609 774 1660 836 καί
1682 795 1757 838 κον-

300 874 392 940 τάκια
414 873 559 938 omnium
582 870 710 934 dierum
731 872 809 934 anni
832 871 969 936 collecta
991 870 1142 954 exbibet,
1165 869 1269 936 altera
1291 872 1481 938 ἀκολουθία(
1503 878 1562 938 τοῦ
1584 875 1758 940 ἀκαθίετου

300 975 404 1054 ὕμνου
432 974 477 1038 εἰ(
507 976 565 1052 τὴν
593 972 769 1052 ὑπεραγίαν
797 973 963 1051 θεοτόκον,
991 979 1057 1040 τῶν
1085 975 1144 1040 δύο
1174 977 1416 1055 παρακλητικῶν
1443 975 1594 1041 κανόνων
1624 975 1669 1042 εἰ(
1696 980 1758 1055 τὴν

301 1076 479 1155 ὑπεραγίαν
502 1075 666 1161 θεοτόκον,
698 1079 753 1152 τῆ(
781 1075 866 1138 Θεία(
888 1078 1100 1156 μεταλήψεω(
1123 1075 1388 1159 (communionis)
1412 1085 1445 1138 et
1466 1097 1607 1140 canones
1631 1077 1759 1162 aliquot

301 1175 520 1262 amplectitur.
563 1174 648 1238 Mihi
669 1177 703 1238 in
726 1175 787 1239 hac
808 1175 997 1262 anthologia
1025 1176 1258 1241 conscribenda
1287 1175 1461 1261 Horologii
1488 1177 1572 1240 duae
1594 1177 1759 1243 editiones

302 1277 447 1342 Venetae
469 1297 498 1340 a.
525 1277 601 1342 1831
629 1284 661 1339 et
687 1276 769 1342 1850
790 1286 822 1341 et
844 1277 948 1342 codex
971 1277 1177 1342 Monacensis
1199 1300 1232 1342 n.
1254 1277 1318 1342 320
1340 1299 1424 1342 saec.
1448 1277 1519 1342 XII
1540 1279 1596 1363 (F)
1625 1291 1759 1365 praesto

304 1389 408 1446 erant.

390 1478 458 1560 Qui
480 1480 648 1567 hucusque
671 1501 758 1544 ame
780 1479 857 1545 libri
880 1484 1033 1548 recensiti
1056 1490 1150 1566 sunt,
1174 1482 1318 1546 carmina
1339 1483 1412 1566 ipsa
1435 1482 1592 1547 ecclesiae
1615 1505 1757 1568 graecae

304 1591 440 1648 exarata
467 1581 605 1664 habent;
635 1591 766 1666 praeter
787 1604 841 1646 eos
865 1583 921 1646 alii
944 1582 1020 1648 libri
1048 1595 1217 1649 cantorum
1244 1584 1317 1648 usui
1339 1585 1387 1648 ita
1408 1585 1645 1649 accommodati
1661 1595 1758 1664 esunt,

303 1696 340 1750 ut
367 1683 469 1750 verba
496 1705 570 1748 cum
596 1683 681 1748 notis
711 1686 843 1749 musicis
872 1686 1068 1750 contineant.
1120 1683 1245 1750 Horum
1275 1706 1404 1771 quoque
1431 1684 1588 1750 librorum
1616 1685 1760 1750 indicem

304 1787 366 1852 sub
389 1785 486 1850 finem
507 1783 604 1849 huius
627 1783 701 1848 libri
723 1807 919 1871 proponam:

389 1921 654 2003 Είρμολόγιον
686 1920 808 1985 hirmos
839 1921 973 1986 odarum
1006 1943 1166 1986 canonum
1199 1943 1334 2008 corpore
1366 1925 1461 1986 unius
1495 1922 1570 1988 libri
1605 1923 1759 1991 collectos

304 2025 460 2090 continet.
496 2022 588 2087 Talis
610 2021 687 2088 libri
710 2023 775 2086 iam
791 2021 909 2088 Suidas
924 2023 1178 2110 lexicographus
1201 2025 1397 2088 mentionem
1420 2024 1514 2106 iacit,
1537 2027 1629 2090 inani
1652 2037 1759 2090 tamen

305 2125 525 2214 explicatione
555 2123 683 2189 addita:
721 2124 948 2204 Είρμολόγιον·
982 2127 1104 2206 βιβλίον
1131 2148 1169 2190 τι.
1214 2124 1314 2188 Manu
1343 2127 1501 2211 scriptum
1528 2125 1759 2210 hirmologium

305 2227 431 2293 nullum
457 2226 544 2310 vidi,
574 2227 632 2290 sed
661 2224 878 2290 bibliothecae
907 2226 1031 2290 insulae
1060 2227 1167 2291 Patmi
1202 2225 1306 2291 codici
1335 2249 1366 2289 n.
1398 2227 1460 2291 206
1488 2226 1619 2291 titulum
1649 2230 1760 2308 Εἱρμο-

307 2331 418 2407 λόγιον
445 2330 596 2407 μου(ικὸν
625 2325 806 2413 praefixum
835 2348 906 2391 esse
936 2349 977 2391 ex
1005 2327 1130 2393 Guerin
1158 2328 1365 2414 Description
1395 2329 1436 2391 de
1465 2326 1530 2392 l‘lle
1559 2330 1601 2392 de
1624 2328 1760 2394 Patmos

195 2427 198 2434 ’
306 2433 458 2528 cognovi.
503 2429 608 2515 Typis
631 2437 740 2512 autem
762 2427 848 2492 hunc
871 2427 989 2492 librum
1013 2430 1265 2493 exscribendum
1287 2450 1391 2514 nuper
1414 2431 1553 2494 loannes
1575 2429 1759 2518 Lampada-

305 2536 374 2600 rius
403 2533 547 2597 curavit:
586 2531 795 2612 Εἱρμολόγιον
823 2537 889 2596 τῶν
918 2535 1115 2616 καταβααιίιν
1142 2533 1272 2610 Πέτρου
1299 2537 1357 2596 τοῦ
1385 2533 1655 2611 Πελοποννηείου
1683 2537 1762 2612 μετὰ

306 2642 373 2703 τῶν
396 2634 549 2700 κανόνων
571 2637 629 2698 τοῦ
651 2633 733 2698 ὅλου
749 2633 897 2699 ἐνιαυτοῦ
920 2636 971 2698 καὶ
993 2634 1151 2711 (υντόμου
1173 2633 1393 2710 είρμολογίου,
1417 2635 1592 2713 ἐξηγημένα
1608 2637 1687 2700 κατὰ
1703 2639 1762 2715 τὴν

307 2739 384 2805 νέαν
407 2741 462 2816 τῆ(
484 2739 632 2816 μουεικῆ(
660 2736 810 2813 μέθοδον,
839 2735 1103 2813 ἐπιθεωρηθέντα,
1117 2735 1177 2813 ἤδη
1200 2736 1250 2798 καί
1273 2733 1410 2813 ἀκριβῶ(
1431 2735 1651 2814 διορθωθέντα
1672 2741 1763 2816 παρὰ

308 2840 460 2903 Ἰωάννου
478 2835 715 2915 Λαμπαδαρίου.
739 2835 862 2902 ἔκδοα(
883 2834 919 2910 γ’.
959 2835 1283 2912 Κωνοταντινοπόλει,
1300 2834 1335 2899 ἐκ
1349 2839 1406 2914 τῆ(
1427 2836 1653 2917 τυπογραφία(
1675 2839 1762 2903 &db-

307 2941 400 3005 δαίου
415 2939 570 3020 Τιβιτειὰν
596 2937 686 3002 1856.
730 2937 827 3000 Ηυυο
848 2946 957 3000 autem
981 2935 1014 2999 i'n
1037 2935 1155 2999 librum
1183 2947 1313 3022 praeter
1336 2937 1455 2999 hirmos
1478 2959 1638 3001 canonum
1662 2939 1761 3002 etiam

308 3039 545 3106 modulationes
567 3038 781 3119 Προεομοίων
804 3047 953 3124 receptae
975 3046 1061 3102 sunt.

393 3175 657 3255 (rtxupdptov
680 3173 782 3266 verba
805 3183 836 3238 et
858 3184 951 3238 notas
976 3175 1116 3238 musicas
1132 3173 1367 3238 versiculorum
1383 3176 1568 3256 ((τιχηριίιν)
1589 3196 1663 3238 cum
1685 3177 1764 3240 alio-

308 3299 381 3342 rum
403 3287 473 3341 tum
495 3296 625 3354 corum,
648 3276 703 3362 qui
727 3276 795 3339 suis
819 3285 851 3339 et
871 3276 1011 3362 propriis
1027 3273 1132 3339 modis
1148 3285 1293 3357 utuntur,
1310 3274 1553 3361 complectitur3
1576 3275 1659 3340 tales
1673 3279 1765 3342 codi-

309 3401 362 3444 ces
386 3377 479 3442 multi
502 3379 534 3443 in
559 3376 766 3442 bibliothecis
789 3376 1004 3463 reperiuntur,
1029 3377 1099 3463 ipse
1121 3399 1219 3440 unum
1243 3376 1389 3460 codicem
1412 3377 1639 3442 Monacensem
1664 3401 1765 3441 mem-

309 3480 508 3546 branaceum
531 3502 564 3543 n.
587 3479 647 3542 471
673 3500 757 3542 saec.
780 3478 833 3542 XI
856 3477 914 3562 (E)
937 3489 970 3542 et
992 3489 1057 3543 tres
1080 3479 1207 3542 codices
1232 3477 1500 3544 Vindobonenscs
1524 3477 1623 3543 theol.
1645 3502 1678 3542 n.
1707 3481 1767 3544 136

309 3603 394 3648 saec.
423 3579 494 3643 XII
522 3578 601 3662 (H),
624 3577 723 3645 theol.
750 3602 783 3642 n.
815 3580 873 3643 181
903 3600 988 3642 saec.
1016 3578 1122 3661 XIII,
1151 3578 1247 3643 theol.
1276 3601 1309 3644 n.
1333 3581 1374 3644 33
1404 3601 1488 3644 saec.
1520 3579 1608 3644 XIII
1633 3581 1690 3664 (F)
1717 3582 1766 3644 in-

309 3683 488 3769 epcxImus.

397 3818 644 3896 Κεκραγάρια
674 3817 741 3881 Leo
775 3816 918 3882 Allatius
950 3817 991 3882 de
1023 3805 1116 3880 tibiis
1151 3815 1229 3882 eccl.
1259 3816 1373 3881 Graec.
1402 3839 1434 3902 p.
1461 3818 1520 3882 103
1547 3818 1633 3882 inter
1661 3816 1768 3884 libros

313 3920 514 3984 canticorum
542 3928 699 3983 recenset.
745 3917 908 4004 Equidem
937 3917 1134 4004 peculiarem
1167 3917 1285 3983 librum
1319 3917 1379 3982 hoc
1411 3920 1542 3982 nomine
1571 3919 1768 4006 inscriptum

311 4019 435 4086 nullum
464 4022 558 4104 novi,
589 4022 646 4085 sed
674 4022 797 4085 codicis
820 4019 964 4085 Vindob.
988 4019 1086 4084 theol.
1109 4043 1141 4083 u.
1164 4020 1228 4085 330
1255 4021 1341 4084 hunc
1368 4018 1499 4084 titulum
1526 4021 1652 4084 notavi:
1683 4022 1768 4100 ἀρχὴ

311 4175 318 4189 .
335 4176 342 4188 .
359 4174 366 4186 .
381 4127 436 4201 τῆ(
452 4123 620 4202 ὁκτωήχου
636 4125 693 4189 (ὐν
715 4125 783 4188 τοῑ(
805 4124 1025 4202 κεκραγαρίοι(
1046 4125 1099 4187 καὶ
1119 4126 1188 4187 τοί(
1209 4123 1355 4188 ἑωθινοῑ(
1378 4123 1496 4200 αὐτῶν,
1513 4144 1576 4208 quo
1591 4144 1633 4186 cx
1649 4121 1768 4188 eodem

311 4222 424 4287 codice
452 4235 588 4309 apparet
616 4227 807 4304 κεκραγὰρια
834 4225 943 4288 varios
971 4222 1085 4287 modos
1116 4222 1261 4306 intellegi
1289 4223 1463 4288 verborum
1494 4225 1586 4304 Κύριε
1614 4225 1770 4304 ἐκέκραξα

314 4327 396 4406 πρὸ(
419 4327 466 4390 (έ·
490 4326 672 4392 εἰ(άκου(ὀν
696 4349 770 4405 μου·
795 4327 880 4406 κύριε
902 4326 1053 4404 ἐκέκραξα
1074 4326 1157 4404 πρὸ(
1180 4327 1230 4391 (ε’·
1260 4325 1443 4392 εἰεάκουών
1465 4346 1540 4405 μου·
1568 4326 1706 4405 πρόεεχε
1730 4333 1769 4410 τῇ

312 4435 409 4511 φωνῇ
431 4431 487 4505 τῆ(
508 4429 647 4507 δεήεεώ(
669 4449 731 4508 μου
754 4428 790 4492 έν
813 4435 858 4512 τῷ
881 4427 1067 4506 κεκραγέναι
1090 4447 1127 4506 με
1149 4428 1232 4506 πρὸ(
1255 4429 1303 4492 (έ·
1328 4427 1513 4492 είεάκουεόν
1535 4448 1611 4507 μου,
1635 4429 1733 4509 κύριε.

395 4527 548 4612 Denique
570 4526 671 4593 libros
694 4529 896 4594 canticorum
919 4526 1010 4613 prelo
1033 4549 1170 4592 excusos
1193 4527 1403 4592 adhibuImus
1426 4528 1499 4592 hos:

397 4629 750 4720 Ἀνα(τα(ιμάριον
774 4629 970 4712 carminum,
994 4649 1077 4715 quae
1098 4627 1152 4692 die
1175 4630 1337 4694 dominica
1352 4637 1535 4711 cantantur,
1552 4629 1666 4694 modos
1683 4653 1771 4694 com-

313 4727 472 4815 plectens,
496 4731 582 4816 quod
605 4730 744 4795 Ioannes
768 4727 990 4816 Protopsaltes
1013 4729 1181 4796 Constant.
1206 4753 1234 4795 a.
1264 4731 1343 4797 1863
1365 4731 1527 4794 edendum
1550 4731 1693 4796 curavit.
