3800 5474
290 373 378 429 XLIV
876 373 1161 430 PROLEGOMENA.

294 529 403 585 autem
421 520 638 608 frequentiam
655 531 687 586 et
703 522 900 608 dignitatem
921 521 968 586 ita
990 519 1220 608 amplificavit,
1243 530 1295 603 ut,
1320 542 1393 586 cum
1409 519 1546 586 Cosmas
1563 530 1596 584 et
1610 521 1751 587 Ioannes

290 631 418 688 tantum
449 623 513 688 diei
541 622 723 689 dominicae
746 637 779 692 et
801 625 1049 712 praecipuarum
1077 620 1319 688 solemnitatum
1347 623 1491 687 carmina
1513 622 1749 702 instituissent,

289 726 361 810 ipsc
383 731 467 789 cum'
480 725 582 792 fratre
604 725 743 813 Iosepho
766 728 927 792 minorum
942 747 1071 813 quoque
1085 725 1214 790 dierum
1230 723 1350 790 triodia
1365 733 1398 790 et
1412 722 1565 790 idiomela
1580 737 1750 810 pangeret,

288 847 372 913 quae
394 829 534 915 primum
556 833 753 896 monasterio
777 829 886 896 Studii
915 827 1097 910 destinata,
1128 836 1243 914 postca
1269 827 1303 892 in
1325 825 1475 894 omnibus
1498 826 1626 914 imperii
1649 829 1748 914 parti·

294 928 356 994 bus
378 931 591 1017 comprobata
613 940 646 996 et
667 940 801 1018 recepta
822 939 909 996 sunt.
1149 939 1156 952 ⁶

375 1031 585 1114 Θεοφάνης
613 1033 632 1098 ὁ
661 1034 681 1098 Γ
683 1036 806 1113 ραπτός
836 1055 909 1100 cum
939 1030 1061 1097 Ioanne
1084 1031 1292 1099 Damascene
1314 1039 1348 1095 et
1369 1031 1491 1097 Cosma
1512 1030 1749 1117 Hierosolymi-

164 1134 168 1141 '
290 1143 365 1197 lano
399 1141 532 1202 cantum
565 1133 823 1200 ecclesiasticum
855 1135 1037 1199 instituisse
1069 1141 1166 1218 atquc
1201 1131 1372 1198 ordinasse
1404 1134 1524 1199 dicitur
1551 1155 1582 1202 a.
1600 1133 1749 1199 Cedreno

290 1258 320 1322 p.
334 1234 397 1299 456
413 1234 464 1300 D:
488 1236 508 1301 ὁ
532 1237 619 1303 ὅςιος
644 1237 794 1317 Ἰωάννης
816 1237 866 1302 καὶ
888 1237 1034 1322 μελῳδὸς
1057 1237 1242 1315 ὼνομάςθη,
1266 1238 1344 1314 μετὰ
1367 1235 1471 1315 socae
1493 1241 1551 1302 τοῦ
1574 1236 1750 1302 ἐπιςκόπου

287 1442 467 1524 μελῳδῆςαι
481 1442 521 1506 τὰ
543 1441 578 1505 ἐν
607 1444 677 1506 ταῖς
692 1440 865 1520 ἐκκληςίαις
880 1444 946 1507 τῶν
964 1441 1161 1520 Χριςτιανῶν
1176 1439 1386 1518 τετοπωμένα
1402 1439 1589 1519 ψάλλεςθαι.
1628 1439 1749 1504 Omnes

289 1550 355 1604 tres
378 1539 593 1606 melodicum
616 1539 855 1629 Hierosolymis
879 1543 1032 1607 maiorem
1056 1543 1144 1606 vitae
1167 1548 1292 1626 partem
1314 1549 1461 1625 agerent,
1486 1542 1557 1605 veri
1580 1538 1686 1605 simile
1709 1541 1746 1606 fit

258 1633 370 1706 'ritus
399 1664 526 1723 sacros,
560 1642 673 1730 quales
700 1645 735 1707 in
762 1665 858 1708 sacra
885 1642 967 1708 urbe
994 1644 1135 1730 primum
1163 1642 1303 1707 instituti
1332 1653 1424 1724 sunt,
1458 1651 1571 1730 postea
1597 1643 1641 1708 ab
1670 1641 1743 1708 aliis

292 1743 437 1809 ecclesiis
465 1745 691 1832 comprobatos
714 1756 748 1811 et
768 1755 918 1830 receptos
946 1767 1028 1810 esse.
1073 1743 1288 1830 Theophanes
1317 1752 1425 1808 autem
1448 1767 1522 1810 cum
1545 1766 1649 1830 paene
1672 1765 1744 1810 oen-

293 1833 362 1911 tum
384 1847 479 1910 annis
501 1856 575 1934 post
603 1846 879 1933 praeclarissimos
908 1855 1146 1930 antecessores,
1175 1847 1330 1912 Ioannem
1353 1855 1386 1912 et
1408 1845 1577 1927 Cosrnam,
1606 1844 1745 1929 floreret,

291 1947 475 2030 turbarum,
510 1971 593 2037 quae
621 1947 662 2014 de
691 1949 889 2034 imaginibus
925 1949 1026 2013 sacris
1056 1957 1164 2012 motae
1192 1958 1300 2030 erant,
1334 1949 1487 2014 fluctibus
1517 1949 1657 2013 iactatus
1686 1958 1745 2013 cst.

290 2049 598 2136 Constantinopolin
626 2050 713 2116 enirn
740 2074 813 2116 cum
842 2049 1015 2116 Theodoro
1043 2051 1144 2116 fratre
1172 2051 1323 2134 nissum,
1353 2060 1389 2115 ut
1411 2073 1542 2116 causam
1563 2051 1744 2136 imaginum

229 2193 231 2196 -
290 2152 519 2236 defenderent,
553 2152 753 2239 Theophilus
786 2173 846 2218 rex
882 2151 1080 2238 (829-842)
1113 2151 1339 2217 crudelissime
1372 2153 1407 2216 in
1439 2150 1571 2216 vincula
1604 2153 1744 2218 coniecit

290 2273 466 2340 corumque
500 2254 662 2321 frontibus
696 2255 812 2342 impios
846 2276 961 2319 versus
998 2253 1155 2319 iambicos
1191 2253 1278 2318 inuri
1314 2253 1428 2334 iussit,
1465 2252 1553 2318 unde
1591 2257 1743 2334 Γραπτῶν

290 2377 469 2442 cognomen
485 2354 708 2422 obtinuerunt.
738 2355 915 2443 Postquam
930 2364 1040 2421 autem
1054 2377 1140 2420 anno
1156 2355 1218 2420 842
1241 2354 1365 2442 synodo
1382 2353 1744 2442 Constantinopolitano

288 2457 361 2522 lites
377 2459 575 2543 compositae
593 2467 685 2539 sunt,
703 2457 918 2544 Theophanes
934 2456 1094 2523 Methodii
1116 2456 1321 2544 patriarchae
1335 2457 1451 2523 favore
1466 2455 1610 2522 Nicaeae
1624 2467 1742 2524 metro-

287 2560 390 2646 polita
411 2558 519 2624 factus
542 2581 670 2624 summa
691 2559 800 2645 quiete
822 2557 876 2624 die
898 2557 951 2624 XI
972 2559 1093 2624 mensis
1117 2557 1271 2625 Octobris
1294 2567 1429 2625 mortem
1452 2558 1544 2625 obiit.
1583 2557 1622 2623 In
1642 2559 1742 2625 eccle-

286 2661 426 2726 siasticis
442 2681 521 2725 vero
537 2661 739 2727 carminibus
759 2661 939 2726 maioribus
955 2659 1211 2750 minoribusque,
1235 2682 1318 2746 quae
1334 2659 1474 2754 plurima
1488 2661 1523 2725 in
1534 2659 1743 2726 Menaeorum

287 2772 321 2827 et
343 2761 475 2826 Triodii
497 2761 598 2828 libros
621 2771 752 2850 recepta
780 2773 868 2844 sunt,
901 2761 1015 2828 alienis
1042 2761 1183 2830 modulis
1211 2785 1289 2828 usus
1317 2763 1551 2828 sententiarum
1580 2764 1743 2848 gravitate

288 2861 420 2950 stiliquo
443 2862 605 2950 elegantia
626 2864 788 2950 insignem
811 2864 941 2929 laudem
962 2863 1076 2928 merito
1100 2861 1186 2929 tulit.

371 2965 652 3034 Ἰοοςτινιανὸν
676 2967 907 3054 imperatorem
930 2963 1129 3052 (sar-565)
1153 2966 1417 3050 antiquissimum
1439 2967 1629 3054 troparium,
1651 2969 1742 3032 cuius

286 3065 417 3152 quidem
440 3077 607 3134 auctorem
628 3069 831 3150 noverimus,
861 3068 897 3132 ‘0
920 3069 1099 3149 μονογενὴς
1123 3067 1191 3132 υἱὸς
1214 3069 1266 3133 καὶ
1289 3070 1387 3144 λόγος
1410 3067 1500 3150 (vide
1523 3091 1554 3156 p.
1577 3069 1633 3154 52)
1657 3092 1740 3136 eom-

286 3168 434 3254 posuisse
462 3167 636 3255 Sophronii
664 3179 697 3235 et
719 3167 861 3234 Cedreni
889 3169 1085 3235 testimoniis
1116 3190 1217 3255 supra
1239 3191 1271 3255 p.
1295 3169 1452 3234 XXXIV
1475 3193 1495 3234 a
1516 3172 1611 3234 nobis
1635 3169 1741 3237 allatis

284 3278 429 3354 constat;
452 3291 557 3356 neque
579 3269 724 3338 defuisse
739 3271 922 3336 Germanus
946 3270 980 3334 in
1006 3269 1249 3338 Commentario
1272 3269 1425 3358 liturgico
1449 3270 1541 3355 (vide
1563 3271 1654 3338 Goar
1676 3273 1743 3337 Eu-

284 3372 624 3460 chologionp.107⁵)
647 3373 741 3454 dicit,
765 3373 822 3458 qui
844 3394 975 3438 carmen
997 3370 1208 3436 venerandae
1231 3373 1406 3438 vetustatis
1428 3394 1449 3437 a
1471 3371 1610 3460 Iosepho
1633 3385 1666 3438 et
1686 3373 1743 3438 Ni-

283 3475 436 3558 codemo,
460 3497 534 3540 cum
556 3474 679 3541 Christi
702 3497 820 3563 corpus
843 3473 1036 3562 sepelirent,
1059 3481 1230 3539 cantatum
1253 3496 1325 3539 esse
1349 3473 1584 3541 fabularentur.

368 3573 553 3657 Ἰωάννης
582 3579 850 3660 Δαμαςκηνὸς
882 3598 956 3640 cum
987 3573 1107 3640 Cosma
1133 3574 1434 3662 Hierosolymitano
1471 3576 1602 3642 laudem
1632 3599 1743 3642 sacrae

284 3678 391 3762 poesis
425 3686 600 3763 provectae
639 3681 814 3766 participat
853 3697 992 3764 eumque
1033 3675 1221 3762 multiplicis
1260 3677 1427 3743 doctrinae
1464 3680 1559 3764 copia
1598 3689 1741 3766 superat.

285 3777 364 3842 Eius
387 3777 474 3842 vitae
497 3787 529 3841 et
551 3777 736 3843 studiorum
758 3779 939 3866 pleniorem
966 3778 1119 3842 notitiam
1149 3779 1232 3860 vita,
1262 3780 1489 3866 aLesquieno
1511 3781 1643 3846 Ioannis
1666 3803 1741 3868 ope-

284 3901 355 3942 rum
387 3878 521 3945 editioni
551 3881 747 3966 praemissa,
784 3880 990 3968 suppeditat,
1031 3877 1196 3944 meliorem
1230 3879 1488 3965 Synaxariorum
1520 3889 1651 3966 auctor,
1685 3885 1741 3969 qui

284 3979 442 4045 fabulosis
465 3981 717 4048 narratiunculis
740 3984 848 4048 minus
871 3993 985 4069 captus
1010 3982 1192 4049 tenebatur.
1236 3981 1348 4048 Nobili
1369 3983 1470 4069 igitur
1491 3981 1561 4048 loco
1584 3983 1740 4049 Damasci

283 4091 379 4147 natus
409 4081 451 4148 ab
481 4081 602 4148 Cosma
631 4083 758 4168 Siculo,
789 4107 887 4171 quem
915 4093 1008 4170 pater
1028 4083 1071 4150 ab
1093 4084 1262 4150 Arabibus
1292 4092 1423 4172 captum
1449 4085 1648 4168 redemerat,
1678 4109 1743 4150 una

283 4177 357 4250 oum
371 4183 491 4250 Cosma
513 4185 644 4250 melodo
667 4187 835 4253 institutus
859 4195 918 4251 est.
963 4185 1097 4250 Iuvenis
1120 4193 1256 4272 patema
1278 4187 1373 4252 domo
1395 4186 1509 4253 relicta
1531 4209 1604 4253 oum
1620 4187 1741 4255 Cosma

284 4285 514 4374 Hierosolyma
543 4289 688 4376 perrexit
715 4298 748 4354 et
776 4289 811 4353 in
839 4297 968 4354 coetum
995 4286 1144 4353 coenobii
1171 4286 1375 4354 celeberrimi
1397 4288 1430 4355 S.
1454 4289 1561 4364 Sabae
1590 4299 1739 4377 receptus

283 4397 347 4470 est,
375 4411 438 4476 quo
461 4391 495 4454 in
516 4390 673 4457 coenobio
694 4413 798 4477 usque
821 4389 864 4456 ad
887 4377 976 4454 vitae
998 4389 1096 4456 finem
1123 4391 1308 4478 presbyteri
1331 4390 1492 4476 dignitate
1514 4399 1647 4457 omatus
1670 4416 1740 4480 por·

282 4492 411 4556 mansit.
456 4491 625 4559 Industria
652 4501 760 4558 autern
783 4493 853 4556 eius
874 4492 962 4556 intra
984 4493 1124 4578 parietes
1147 4493 1336 4558 monasterii
1358 4493 1441 4558 adeo
1463 4516 1528 4560 non
1550 4495 1740 4560 contineba-

284 4603 351 4674 tur,
374 4602 411 4658 ut
433 4594 635 4660 orationibus
659 4594 751 4659 libris
774 4594 973 4659 carminibus
996 4595 1152 4658 acerrime
1174 4615 1233 4681 pro
1248 4595 1434 4680 integritate
1449 4594 1524 4660 fidei
1540 4594 1740 4661 christianae

285 4703 398 4760 contra
420 4717 514 4780 reges
544 4695 701 4761 Leontem
731 4695 914 4760 Isauricum
944 4696 1141 4782 (mr-741)
1166 4704 1199 4760 et
1221 4696 1471 4762 Constantinum
1495 4696 1739 4784 Copronymum

287 4795 358 4880 (741
371 4798 512 4883 -775)‚
546 4799 602 4886 qui
634 4818 653 4861 a
684 4786 834 4885 partibus
874 4796 1153 4866 Iconoclastarum
1191 4797 1338 4883 stabant,
1382 4801 1604 4887 propugnaret
1636 4799 1739 4885 (conf.
