3800 5474
275 375 351 429 XXX
861 370 1143 426 PROLEGOMENA.

276 521 401 586 Eodem
423 528 532 584 autem
554 526 701 604 tempore
722 517 756 582 in
779 517 988 604 Cappadocia
1009 518 1108 582 etiam
1129 539 1188 604 per
1208 518 1404 582 monasteria
1427 517 1566 584 eundem
1588 517 1732 604 tropario

275 624 413 688 canendi
435 641 558 686 morem
581 619 798 698 increbuisse,
821 618 887 683 alia
908 619 1153 684 narratiuncula
1175 619 1286 702 docet,
1311 641 1407 705 quam
1430 619 1538 700 Pitra‚
1561 640 1625 704 quo
1647 619 1731 681 duce

276 727 309 788 in
341 723 402 788 bac
435 731 527 809 parte
564 719 643 785 libri
681 721 817 799 utimur,
858 743 900 786 ex
934 720 1046 786 codice
1075 719 1237 786 Vallieell.
1267 721 1313 801 Ε,
1340 721 1376 784 21
1410 721 1465 785 sol.
1495 721 1559 785 518
1593 718 1730 785 rettulit.

277 826 397 889 Paulus
426 827 511 888 enim
538 822 659 902 abbas,
688 843 759 886 cum
788 824 901 908 quinto
930 821 1059 886 saeculo
1092 823 1212 888 Persae
1245 821 1489 909 Cappadociam
1521 822 1730 901 invasissent,

275 928 416 1014 primum
444 923 767 1011 Constantinopolin,
794 922 914 988 deinde
940 923 1177 988 Alexandriam
1205 923 1335 1010 aufugit
1356 933 1389 989 et
1410 923 1453 987 ad
1475 933 1675 1009 postremum
1696 922 1730 985 in

276 1027 486 1094 solitudinem
517 1026 705 1090 Nitrearum
735 1025 880 1090 recessit.
924 1023 1016 1089 Nihil
1048 1035 1159 1090 autem
1192 1027 1225 1090 in
1256 1048 1344 1091 nova
1370 1025 1449 1090 sede
1480 1025 1611 1108 aegrius
1644 1021 1730 1105 tulit,

275 1153 373 1218 quam
405 1128 493 1216 quod
522 1150 542 1192 a
570 1124 797 1192 contubernali
828 1126 1023 1191 anachoreta
1058 1127 1243 1212 prohibitus
1276 1137 1343 1210 est,
1381 1127 1552 1214 quominus
1586 1147 1669 1212 quae
1696 1127 1730 1189 in

276 1221 486 1318 Cappadocia
512 1229 654 1314 psallere
679 1237 850 1293 consuerat
871 1229 1015 1314 troparia
1037 1237 1178 1293 caneret.
1222 1227 1337 1315 Neque
1358 1228 1400 1293 ab
1422 1228 1571 1293 antistite
1591 1225 1730 1292 anacho-

276 1343 418 1398 retarum
447 1335 622 1418 impetrare
650 1331 772 1416 potuit,
801 1339 838 1394 ut
859 1328 926 1394 sibi
946 1331 1008 1394 soli
1031 1331 1066 1394 in
1088 1352 1148 1394 sua
1169 1329 1286 1395 cellula
1313 1329 1513 1417 psalmodiae
1536 1329 1729 1394 carminum-

275 1457 338 1521 que
360 1435 469 1499 cantui
491 1453 609 1498 vacare
631 1429 754 1496 liceret.
789 1429 970 1496 Severioris
986 1433 1073 1496 enim
1096 1431 1151 1496 ille
1166 1430 1361 1518 disciplinae
1382 1440 1537 1520 patronus
1560 1428 1729 1511 monacho,

276 1536 332 1622 qui
362 1555 441 1600 suaa
468 1533 566 1600 saluti
599 1531 682 1598 bene
716 1533 898 1598 consultum
931 1531 1045 1617 vellet,
1083 1533 1318 1598 cantilenarum
1350 1531 1521 1598 illecebras
1556 1531 1729 1616 fugiendas

277 1658 349 1703 esse
370 1636 508 1701 monuit.
1009 1691 1021 1726 e

361 1737 426 1804 Sed
455 1757 538 1823 quae
564 1737 694 1802 tandem
717 1737 861 1801 carmina
882 1735 1105 1804 ecclesiastica
1126 1739 1239 1824 quinto
1262 1735 1391 1802 saeculo
1413 1734 1529 1802 florere
1551 1742 1584 1799 et
1605 1755 1730 1822 percre-

277 1841 410 1906 beseere
436 1839 638 1925 coeperunt?
682 1837 754 1904 Hac
776 1838 819 1902 de
840 1861 876 1902 re
897 1837 1060 1923 colloquia
1085 1839 1128 1903 ab
1151 1838 1273 1906 Ioanne
1295 1848 1328 1904 et
1349 1837 1532 1925 Sophronio
1554 1859 1627 1902 cum
1650 1836 1725 1900 Nilo

275 1943 395 2007 abbate
416 1941 451 2003 in
473 1949 581 2003 mente
603 1940 682 2004 Sina
704 1941 895 2026 conserta*)
924 1963 984 2006 nos
1003 1940 1166 2026 ¹certiores
1194 1940 1329 2005 faciunt.
1373 1940 1458 2005 Nam
1485 1961 1612 2021 eorum,
1641 1960 1725 2025 quae

236 2237 238 2242 ,
276 2177 360 2245 ρίων;
380 2177 448 2232 ποία
465 2179 519 2245 γάρ
538 2176 683 2231 κατάνυξις
702 2183 744 2244 τῷ
764 2183 893 2245 μοναχῷ,
912 2179 984 2232 όταν
1001 2178 1033 2232 ἐν
1051 2178 1183 2247 ἐκκληςίᾳ
1198 2180 1216 2244 ή
1230 2177 1262 2232 ἐν
1279 2177 1383 2248 κελλίῳ
1399 2175 1508 2231 ίςταται
1527 2177 1573 2228 καί
1590 2176 1659 2241 ὑψοί
1675 2179 1731 2241 τὴν

276 2264 379 2330 φωνὴν
396 2263 486 2316 αὐτοῦ
505 2262 546 2316 ῶς
563 2263 590 2316 ol
609 2263 686 2329 βόες;
722 2263 752 2318 Εί
778 2265 832 2331 γὰρ
858 2263 984 2318 ἐνώπιον
1008 2267 1061 2317 τοθ
1088 2267 1156 2317 θεοῦ
1182 2263 1387 2330 παριςτάμεθα,
1411 2263 1442 2316 ἐν
1464 2263 1557 2328 πολλῇ
1582 2263 1731 2316 κατανύξει

275 2347 429 2413 ὀφείλομεν
445 2345 571 2400 ίςταςθαι
589 2349 634 2402 καί
651 2348 714 2414 οὐχί
732 2348 764 2402 ἐν
783 2353 978 2416 μετεωριςμῶ·
1003 2350 1049 2402 καί
1071 2349 1125 2414 γάρ
1143 2348 1196 2402 οὐκ
1213 2348 1334 2414 ἐξῆλθον
1351 2349 1379 2402 ot
1397 2349 1512 2414 μοναχοί
1530 2345 1561 2400 ἐν
1579 2353 1615 2415 τί]
1634 2348 1729 2414 έρήμῳ

194 2473 197 2483 .
274 2432 382 2500 ταύτῃ,
400 2431 448 2484 ἵνα
466 2431 650 2497 παρίςτανται
667 2436 711 2498 τῷ
731 2436 789 2499 θεῷ
808 2435 853 2486 καί
871 2431 1088 2499 μετεωρίζονται
1107 2435 1152 2487 καί
1170 2433 1345 2502 μελψὰοθςιν
1363 2434 1472 2502 βςματα
1490 2434 1535 2485 καί
1553 2429 1731 2500 βυθμίΖουςιν

275 2517 361 2581 ήχους
379 2517 424 2568 καί
443 2515 544 2570 ςείουςι
561 2519 656 2582 χεῖρας
673 2518 719 2569 καί
738 2517 930 2582 μεταβαίνουςι
949 2517 1052 2584 πόδας,
1071 2517 1138 2572 ἀλλ’
1151 2517 1304 2584 ὀφείλομεν
1316 2517 1347 2570 ἐν
1360 2517 1442 2586 φόβῳ
1454 2518 1554 2582 πολλῷ
1567 2519 1613 2570 καί
1630 2516 1729 2584 τρόμῳ

275 2599 387 2666 δόκρυςί
405 2615 437 2652 τε
456 2601 502 2652 καί
520 2604 684 2665 ςτεναγμοῖς
703 2603 774 2667 μετὰ
792 2601 937 2668 εὐλαβείας
955 2605 1000 2655 καί
1019 2601 1231 2656 εὐκατανύκτου
1249 2603 1294 2654 καί
1313 2602 1426 2668 μετρίας
1446 2601 1605 2670 [ταπεινῆς]
1628 2605 1730 2668 φωνῆς

276 2685 327 2738 τάς
345 2685 500 2751 προςευγάς
518 2689 561 2751 τῷ
580 2687 637 2756 θεῷ
656 2686 836 2752 προςφέρειν·
856 2686 925 2740 Ἰδοὺ
942 2687 997 2753 γάρ
1014 2687 1090 2752 λέγω
1108 2701 1163 2752 τοι,
1181 2686 1292 2752 τέκνον,
1311 2685 1355 2739 ότι
1372 2684 1533 2740 ἐλεὺςονται
1550 2686 1659 2753 ἡμέραι,
1679 2686 1729 2739 ὅτε

275 2769 438 2836 φθείρουςιν
454 2769 482 2822 οί
500 2769 657 2836 Χριςτιανοί
675 2770 727 2825 τὰς
745 2770 856 2836 βίβλους
873 2775 934 2824 τῶν
952 2771 1042 2837 ἁγίων
1061 2769 1236 2835 εὐαγγελίων
1253 2773 1299 2824 καί
1317 2775 1378 2824 τῶν
1389 2769 1478 2834 ἁγίων
1496 2770 1667 2825 ἁποςτόλων
1684 2773 1730 2824 καί

275 2858 337 2908 τῶν
355 2854 511 2909 θεςπεςίων
528 2859 697 2923 προφητῶν,
720 2854 881 2910 λεαίνοντες
903 2857 955 2909 τάς
972 2856 1084 2930 γραφάς
1101 2859 1162 2908 τῶν
1179 2854 1270 2919 ἁγίων
1287 2858 1333 2909 καί
1350 2856 1511 2923 γράφοντες
1528 2856 1667 2923 τροπὰρια
1684 2855 1730 2909 καί

276 2940 442 3008 ἐλληνικούς
464 2940 567 3004 λόγους
589 2942 635 2993 καί
658 2940 806 3007 χυθήςεται
824 2940 841 2992 ό
858 2943 927 2994 νοός
946 2940 985 2994 είς
1003 2940 1129 3007 τρόπους
1152 2941 1197 2992 καί
1220 2939 1261 2994 εἰς
1282 2942 1349 2994 τοὺς
1371 2941 1475 3005 λόγους
1493 2944 1553 2996 τῶν
1571 2939 1727 3007 Ἑλλήνων·

275 3023 320 3077 διὰ
337 3027 425 3076 τοθτο
443 3025 489 3077 καί
510 3024 536 3076 ol
555 3025 676 3090 πατέρες
698 3025 781 3090 ήμῶν
805 3023 959 3092 είρήκαςιν,
980 3024 1029 3078 ίνα
1052 3027 1088 3092 μή
1112 3024 1258 3091 γράφωςιν
1276 3025 1302 3077 οἱ
1321 3024 1352 3078 έν
1368 3029 1405 3092 τῇ
1423 3024 1520 3092 ἐρήμῳ
1538 3026 1629 3093 ταύτη
1648 3025 1729 3076 όντες

276 3107 451 3175 καλόγραφοι
470 3108 537 3161 τοὺς
555 3107 630 3171 βίους
649 3109 694 3161 καί
712 3109 816 3173 λόγους
839 3113 900 3163 τῶν
922 3108 1069 3175 γερόντων
1086 3109 1117 3163 ἐν
1134 3109 1318 3176 μεμβράναις,
1341 3108 1408 3163 ἀλλ’
1426 3108 1457 3162 ἐν
1474 3109 1611 3175 χαρτίοις·
1635 3109 1728 3173 μέλλει

274 3194 329 3260 γάρ
346 3193 364 3258 ἡ
384 3191 521 3259 ἐρχομένη
539 3191 624 3255 γενεά
642 3191 764 3248 λεαίνειν
785 3194 853 3247 τοὺς
877 3194 952 3259 βίους
975 3195 1021 3247 καί
1045 3195 1148 3258 λόγους
1169 3199 1230 3246 τῶν
1252 3193 1387 3260 πατέρων
1404 3193 1450 3246 καί
1467 3193 1588 3260 γράφειν
1605 3193 1677 3246 κατὰ
1694 3192 1730 3244 τό

276 3279 385 3343 θέλημα
402 3277 507 3328 αὐτοῖς.
884 3302 892 3309 -

344 3362 394 3415 Καί
412 3360 496 3414 εἶπεν
513 3361 530 3414 ό
548 3359 685 3428 ἁδελφός·
703 3362 731 3417 τί
748 3363 812 3426 οὐν;
831 3363 1054 3431 ἁλλαχθήςονιαι
1065 3363 1103 3418 τὰ
1119 3364 1169 3430 ἔθη
1188 3364 1234 3417 καί
1252 3363 1280 3417 αί
1297 3362 1463 3429 παραδόςεις
1479 3366 1541 3416 τῶν
1559 3360 1730 3429 Χριςτιανῶν

276 3447 321 3499 καί
339 3445 392 3499 οὐκ
410 3445 521 3499 ἐςονται
539 3445 622 3514 ίερείς
639 3447 671 3501 ἐν
688 3453 724 3516 τῇ
743 3447 888 3518 έκκληςίφ,
906 3449 955 3504 ἵνα
971 3454 1063 3503 ταῦτα
1080 3449 1210 3516 γένηται;
1228 3450 1274 3502 καί
1293 3447 1375 3502 εἶπεν
1393 3447 1527 3512 όγέρων·
1547 3447 1579 3501 ἐν
1597 3450 1657 3501 τοίς
1674 3461 1730 3498 τοι-

276 3533 371 3584 ούτοις
389 3535 496 3598 καιροῖς
513 3531 669 3597 ψυγήςεται
687 3532 705 3597 ή
724 3531 820 3600 άγὰπη
838 3536 900 3586 τῶν
917 3534 1036 3586 πολλῶν
1053 3536 1099 3587 καί
1117 3534 1193 3588 έςται
1210 3532 1303 3598 θλίψις
1321 3531 1373 3584 οὐκ
1392 3530 1472 3598 ὁλίγη
1490 3531 1592 3586 ἐθνῶν.

342 3614 367 3680 *)
387 3617 467 3666 Haec
486 3631 594 3681 quoqne
614 3616 752 3684 colloquia
770 3635 787 3669 a
805 3620 884 3670 Pitra
902 3621 930 3670 in
953 3621 1026 3671 Iuris
1044 3620 1143 3671 eccles.
1164 3635 1258 3685 graec.
1275 3618 1393 3670 historia
1412 3623 1440 3669 et
1457 3617 1641 3670 monumentis
1660 3622 1724 3668 ίοιιι.

274 3701 302 3750 11
321 3717 349 3766 p.
366 3701 418 3750 220
434 3702 550 3764 primum
570 3701 646 3752 edita
664 3707 694 3753 et
712 3717 729 3752 a
746 3719 789 3753 me
808 3702 869 3754 loeo
887 3702 1000 3754 laudato
1019 3705 1137 3769 repetita
1155 3704 1200 3754 hic
1219 3702 1395 3755 subiicienda
1415 3703 1584 3754 curavimus:

341 3783 502 3849 Διηγήςοτο
528 3782 598 3848 ἡμῖν
615 3783 632 3835 ό
650 3783 735 3850 άββάς
762 3785 893 3853 Ἰωάννης
911 3787 956 3839 καί
975 3785 992 3838 ό
1010 3786 1095 3857 άββὰς
1121 3786 1287 3853 (ωφρόνιος
1314 3785 1460 3850 λέγοντες·
1487 3785 1536 3840 ότε
1563 3785 1729 3852 ἀπήλθομεν

274 3866 347 3934 πρός
364 3867 417 3920 τόν
435 3865 506 3932 ἁββά
525 3867 629 3920 Νεῖλον
652 3869 848 3935 διαφοιβοόςης
870 3874 923 3937 τής
943 3868 1024 3935 ἁγίας
1046 3874 1177 3937 κυριακής
1195 3870 1235 3925 είς
1252 3872 1288 3925 τό
1306 3871 1372 3938 όρος
1391 3869 1470 3924 (ινὰ·
1497 3871 1534 3936 ήν
1552 3871 1583 3924 ἁέ
1601 3869 1618 3923 ἁ
1634 3870 1730 3937 γέρων

275 3951 422 4016 ήςυχάζων
440 3951 501 4004 άνω
520 3950 560 4005 είς
578 3953 634 4018 τήν
651 3955 781 4020 κορυφὴν
798 3957 851 4007 τοθ
870 3955 953 4021 όρους
971 3955 1047 4021 ἔχων
1064 3955 1167 4010 άλλους
1185 3955 1234 4008 δύο
1247 3955 1383 4022 μαθητάς.
1420 3953 1580 4009 Ἐλθόντων
1597 3955 1627 4008 δέ
1645 3955 1730 4020 ἡμῶν

276 4037 314 4090 είς
331 4037 368 4089 τὰ
386 4035 517 4101 ἐςπερινὰ
535 4036 641 4102 ήρξατο
659 4038 675 4090 ό
692 4038 787 4105 γέρων
804 4039 838 4091 τό
856 4039 933 4094 Δόξα
951 4041 1037 4106 πατρί
1055 4041 1106 4093 ςίιν
1123 4044 1184 4093 τοῖς
1202 4039 1274 4106 έξής.
1300 4039 1350 4092 Καί
1368 4039 1514 4093 είπόντων
1531 4039 1567 4092 τό
1585 4037 1728 4104 Μακάριος

276 4125 334 4186 (Pa.
354 4121 379 4188 1)
398 4121 444 4174 καί
462 4120 497 4173 τό
517 4120 598 4188 Κύριε
621 4121 756 4189 ἐκέκραξα
779 4122 916 4191 (Ρι.140)
939 4126 1025 4190 χωρίς
1051 4127 1114 4178 τῶν
1138 4123 1320 4190 τροπαρίων,
1347 4125 1393 4177 καί
1422 4123 1576 4192 [είπόντες]
1604 4123 1639 4175 τό
1661 4124 1728 4176 Φῶς

275 4205 374 4272 ίλορόν
392 4205 438 4260 καί
456 4205 492 4258 τό
505 4204 693 4274 Καταξίωςον,
712 4208 835 4274 ἤρξαντο
852 4210 887 4262 τό
908 4209 967 4263 Νῦν
985 4208 1118 4262 ἁπολύεις
1136 4208 1188 4262 τόν
1204 4213 1264 4263 tote
1276 4208 1340 4275 έξής
1352 4211 1433 4274 (Luc.
1445 4213 1482 4273 θ).
1501 4209 1547 4262 καί
1564 4207 1729 4262 τελέςαντετ

274 4291 311 4344 τά
327 4289 459 4356 ἑςιιερινςλ
477 4291 640 4358 παρέθηκεν
657 4294 725 4358 ήμῑν
741 4293 892 4360 τράπεζαν.
910 4294 956 4346 καί
975 4294 1047 4359 μετά
1063 4293 1098 4346 τό
1116 4294 1260 4359 όετιινήςαι
1278 4293 1420 4360 ἠρξάμεθα
1441 4297 1494 4348 τοο
1517 4293 1647 4347 κανόνος.
1682 4293 1729 4345 καί

275 4375 346 4438 μετὰ
363 4373 416 4427 τόν
434 4373 596 4440 ἑξὰψαλμον
614 4377 660 4432 καί
678 4377 809 4433 εἰπόντες
826 4378 861 4432 τό
880 4377 978 4444 Πὰτερ
996 4377 1080 4442 ἡμῶν
1098 4377 1115 4429 ό
1133 4377 1165 4430 έν
1182 4381 1243 4432 τοῖς
1261 4377 1392 4445 οὐρανοίς
1413 4378 1557 4447 ἠρξάμεθα
1573 4378 1641 4432 τούς
1658 4378 1729 4443 ψαλ·

274 4458 344 4522 μούς
363 4458 481 4512 ἁνέτως.
508 4463 554 4514 καί
572 4461 718 4516 είπόντων
735 4463 791 4528 τήν
808 4463 929 4529 πρῶτην
945 4462 1040 4516 ςτάςιν
1056 4465 1119 4516 τῶν
1135 4462 1318 4528 πεντήκοντα
1335 4464 1458 4529 ψαλμῶν
1476 4465 1582 4529 ἤρξατο
1602 4462 1619 4516 ό
1636 4461 1730 4528 γέρων

274 4543 309 4594 τό
327 4541 425 4608 Πάτερ
443 4543 526 4608 ήμῶν
544 4544 561 4597 ό
579 4545 611 4599 ἐν
629 4551 687 4600 τοῖς
706 4547 837 4613 οὐρανοῖς
858 4547 916 4614 [καί
933 4542 971 4614 ν’]
992 4548 1037 4599 καί
1054 4547 1089 4600 τό
1108 4545 1191 4612 Κύριε
1208 4546 1335 4613 έλέηςον.
1371 4549 1417 4601 καί
1435 4547 1598 4602 καθίςοντες
1616 4547 1729 4610 ἀνέγνω

275 4625 315 4680 είς
341 4630 402 4680 τῶν
429 4629 567 4694 μαθητῶν
593 4630 692 4684 αὐτῶν
720 4633 766 4698 (en
784 4631 906 4699 αὐταῦθ)
933 4633 988 4697 τὴν
1014 4632 1168 4697 καθολικὴν
1196 4631 1337 4696 Ἰακώβου.
1373 4633 1418 4684 καί
1444 4631 1617 4686 ἁναςτάντες
1643 4631 1730 4683 πάλιν

275 4710 416 4776 ἠρξάμεθα
440 4713 495 4777 τήν
517 4715 654 4782 δευτέραν
676 4716 770 4770 ςτάςιν
792 4719 854 4768 τῶν
871 4711 896 4768 ν’
914 4719 1045 4783 ψαλμῶν,
1069 4717 1115 4770 καί
1137 4716 1340 4783 πληρώςαντες
1362 4717 1431 4770 τούς
1449 4711 1474 4769 ν’
1491 4717 1620 4782 ψαλμοὺς
1638 4715 1730 4784 ἐβωκε

274 4798 316 4861 τῶ
334 4794 414 4864 ἄλλῳ
432 4796 549 4869 ἁόελφῶ
568 4803 613 4854 καί
631 4801 743 4866 ἀνέγνω
761 4801 793 4856 ἐκ
811 4804 863 4854 τοθ
881 4801 971 4854 αὐτοῦ
995 4799 1100 4867 βιβλίου
1118 4799 1232 4868 Πέτρου
1249 4801 1305 4865 τήν
1322 4802 1476 4866 καθολικὴν
1492 4800 1656 4867 έπιςτολὴν·
1682 4801 1731 4854 καί
