3800 5474
401 357 467 414 LIB.
482 357 515 412 Il.
544 357 591 410 DE
607 357 813 412 subuersas
829 355 1025 412 CARMINUM
1040 319 1405 412 auciasrafflleoltuar.
1587 359 1634 414 LV

182 513 304 570 rentur.
351 503 416 570 Sed
438 525 512 569 oum
535 500 686 570 omnibus
708 503 758 567 his
781 503 984 590 temporibus
1007 503 1042 592 iq
1064 501 1211 568 ccelesiis
1234 504 1425 588 congregari
1447 503 1544 578 nimis
1567 525 1634 568 mo-

182 607 300 673 lestum
332 614 433 686 esset,
461 606 578 670 iisdem
600 603 898 670 Constitutionibus
921 605 1090 691 provisum
1113 613 1180 686 est,
1207 614 1245 670 ut
1266 603 1351 671 duae
1374 627 1486 691 preces
1510 607 1633 691 praeei-

181 729 280 796 puae,
304 707 512 793 vespertinae
535 715 567 770 et
589 706 784 788 matutinae,
809 707 841 770 in
864 704 1011 772 ecclesiis
1027 707 1149 770 maiore
1164 728 1238 778 oum
1254 728 1334 772 cura
1348 715 1382 771 et
1396 707 1504 772 studio
1520 707 1635 773 fierent

182 807 273 892 (vide
295 807 425 892 11,·36:
463 811 519 887 τῆς
547 809 681 887 Χριετοῦ
709 808 872 885 tralucido
899 810 939 888 μὴ
969 807 1164 886 ἀπρλείπου,
1187 808 1344 888 ὀρθρίῑων
1374 808 1419 874 εἰ(
1447 808 1546 888 αὐτὴν
1568 812 1633 888 πρὸ

182 912 303 978 παντὸς
325 911 435 992 ἔργου,
457 910 508 974 καὶ
529 909 626 976 πάλιν
648 909 783 989 ἑεπέραε
804 909 941 986 ἀπάντα,
965 908 1162 990 εὐχαριετῶν
1184 916 1230 993 τῷ
1253 915 1317 993 θεῷ
1341 909 1423 990 ὑπὲρ
1445 910 1491 975 ὧν
1513 931 1561 975 cor
1576 914 1633 991 τὴν

181 1013 269 1092 ῑωὴν
290 1011 485 1092 sextantum
514 1009 600 1074 conf.
621 1009 671 1086 ΙΙ,
694 1008 762 1092 59).
806 1007 1012 1096 Vespertinis
1028 1021 1119 1074 'vero
1149 1011 1310 1076 matutine
1331 1011 1634 1098 osticiasplendore

139 1126 150 1138 ·
179 1123 278 1198 atque
300 1110 462 1197 dignitate
485 1108 686 1192 eminebant,
716 1111 908 1195 praesertim
930 1120 1102 1197 postquam
1130 1110 1283 1210 precib-us
1312 1111 1509 1200 psalmisque
1531 1123 1634 1178 matu·
1734 1147 1738 1156 ·

181 1215 259 1282 linis
291 1213 486 1279 sacrificium
524 1210 672 1275 divinum
705 1213 912 1294 (λειτουργία)
945 1211 1095 1276 additum
1129 1221 1161 1276 et
1193 1211 1419 1298 Chryeostomi
1452 1213 1634 1300 Basiliiquc
1715 1269 1720 1282 .

180 1315 362 1403 praeceptis
378 1315 565 1380 ordinatum
579 1322 640 1378 est.
676 1312 738 1378 His
754 1334 826 1377 cum
842 1314 977 1395 officiis,
1001 1313 1171 1378 matutinis
1187 1323 1219 1380 et
1235 1313 1444 1402 vespertinis,
1468 1315 1502 1379 in
1515 1336 1634 1400 graeca

180 1427 213 1482 et
234 1417 336 1482 latina
359 1416 498 1481 eeclesia
518 1435 620 1500 usque
641 1415 684 1478 ad
706 1424 850 1478 nostram
872 1415 1061 1480 memoriam
1077 1415 1294 1498 conservatis,
1318 1416 1422 1480 omnis
1439 1416 1634 1482 christianae

181 1521 289 1606 poesis
312 1527 344 1582 et
366 1516 462 1582 initia
483 1525 516 1582 et
544 1516 745 1581 incrementa
770 1515 954 1580 arctissime
977 1516 1161 1580 cohaerent.
1205 1517 1337 1582 Etenim
1359 1517 1426 1581 iam
1448 1516 1634 1603 antiquissi-

180 1620 242 1684 mis
266 1619 466 1706 temporibus
489 1639 562 1682 cum
582 1616 733 1700 precibus
756 1625 789 1680 et
810 1615 950 1683 lectione
965 1623 1077 1684 sacrae
1091 1618 1272 1704 scripturae
1287 1627 1417 1682 cautum
1432 1617 1633 1704 psalmorum

180 1722 389 1786 coniunctum
415 1719 519 1784 fuisse
542 1717 819 1784 Constitutionum
840 1729 945 1805 apost.
969 1720 1018 1801 (II
1040 1719 1096 1803 59)
1118 1719 1304 1786 testimonio
1332 1729 1473 1791 constat:
1504 1720 1634 1801 ἑκάετηε

179 1825 297 1904 ἡμέρας
319 1822 558 1901 ευυαθροίζεεθε
580 1819 701 1900 ὄρθρου
722 1821 774 1886 καὶ
795 1819 929 1900 ἐυπέραε
952 1821 1134 1900 ψάλλοντες
1156 1823 1208 1885 καὶ
1234 1821 1487 1901 προεευχόμενοι
1507 1823 1543 1888 ἐν
1566 1827 1632 1889 τοῖς

107 1913 112 1924 ’
180 1927 352 2004 repremit,
375 1921 496 2003 ὄρθρου
519 1923 576 2002 μὲν
599 1923 750 1999 λέγοντες
772 1921 902 2002 ψαλμὸν
925 1922 982 1988 τὸν
1005 1919 1058 2002 ἔθ’,
1089 1922 1224 2002 ἐεπέραε
1246 1925 1282 1988 δὲ
1304 1923 1362 1988 τὸν
1385 1922 1443 2002 ρμ’,
1472 1944 1535 2008 quo
1559 1945 1631 1989 cum
1717 1971 1718 1974 ,

180 2026 251 2092 loco
273 2022 421 2090 conferas
444 2021 489 2101 ΙΙ,
504 2022 560 2086 57:
586 2023 649 2089 ἀνὰ
671 2023 731 2090 δύο
755 2024 939 2102 λεγομένων
961 2023 1222 2104 ἀναγνυαμὰτων
1245 2023 1357 2104 ἕτερός
1378 2044 1424 2088 uc
1446 2030 1504 2091 τοῦ
1525 2011 1631 2107 Aaou

179 2128 333 2208 ψαλλέτω
356 2125 477 2207 ὕμνου(
499 2125 591 2191 καὶὸ
615 2125 693 2190 λαὸε
715 2125 755 2188 τὰ
776 2124 958 2204 ἀκροετίχια
985 2125 1211 2204 ὑποψαλλέτω.
1254 2122 1458 2188 Psalmorum
1480 2135 1588 2191 autem
1612 2149 1632 2192 a

178 2225 395 2314 temporibus,
427 2225 546 2313 quibus
567 2225 798 2305 recitabantur,
821 2224 959 2289 alterum
982 2212 1144 2305 ὀρθρινὸν,
1168 2223 1303 2290 alterum
1327 2227 1513 2306 ἐπιλύχνιον
1535 2249 1629 2292 voca-

177 2328 273 2412 bane
296 2328 382 2394 conf.
406 2327 518 2392 Cenat.
541 2349 593 2413 ap.
609 2305 706 2406 vill,
729 2327 781 2408 34,
803 2326 855 2391 37.
901 2325 1022 2392 Postea
1043 2336 1151 2391 autem
1174 2326 1381 2413 amplificato
1395 2325 1501 2391 divini
1523 2327 1629 2394 cultus

177 2431 353 2518 splendore
375 2438 407 2494 et
428 2427 538 2493 studio
560 2448 674 2492 versus
697 2425 842 2492 faciendi
864 2427 1006 2493 excitato
1028 2426 1109 2492 alios
1133 2427 1276 2514 psalmos
1297 2427 1419 2492 addere
1442 2437 1474 2492 et
1495 2428 1629 2516 psalmis

177 2532 379 2617 canticisque
402 2530 503 2595 sacris
527 2529 658 2594 novicia
679 2529 823 2616 troparia
844 2530 991 2594 intexere
1013 2541 1199 2616 coeperunt.
1237 2527 1410 2610 Quomodo
1426 2551 1505 2595 vero
1521 2530 1630 2597 officia

176 2635 337 2698 matutina
359 2641 391 2697 et
412 2632 599 2718 vespertina
620 2629 777 2716 paulatim
799 2639 895 2695 aucta
917 2640 949 2695 et
963 2632 1139 2696 constituta
1155 2631 1221 2696 sint
1236 2651 1399 2715 exponere
1413 2652 1518 2717 neque
1533 2631 1628 2698 huius

176 2736 240 2801 loci
261 2757 365 2820 neque
387 2735 452 2798 mei
474 2732 616 2796 muneris
636 2741 704 2814 est;
733 2753 834 2796 unum
856 2732 917 2796 hoe
938 2745 1070 2814 moneo,
1102 2741 1194 2796 sexto
1217 2732 1282 2796 iarn
1304 2729 1450 2814 saeculo,
1479 2731 1513 2795 id
1541 2733 1628 2820 quod

176 2859 218 2902 ex
241 2835 451 2902 celeberrimo
473 2832 529 2899 illo
552 2833 650 2898 trium
671 2833 828 2900 abbatum
850 2831 1010 2920 colloquio
1028 2831 1118 2918 (vide
1133 2856 1164 2918 p.
1182 2832 1300 2919 XXX)
1324 2833 1498 2919 colligitur,
1519 2835 1628 2902 officia

175 2937 234 3002 illa
254 2936 322 3002 fere
345 2936 457 3000 eodem
478 2937 589 3014 modo,
613 2956 675 3020 quo
698 2944 809 3000 nostra
831 2935 1003 3016 memoria,
1026 2933 1177 2998 ordinata
1198 2945 1231 3000 et
1253 2934 1414 3022 disposita
1434 2933 1549 3000 fuisse.

261 3040 371 3125 Atque
385 3059 471 3102 nunc
486 3035 618 3122 quidem
633 3036 792 3102 matutina
806 3035 915 3100 officia
929 3035 1118 3119 (ἀκολουθία
1132 3040 1191 3102 τοῦ
1207 3036 1352 3118 ὄρθρου),
1375 3045 1412 3101 ut
1434 3039 1626 3124 praecipuas

174 3163 286 3208 eorum
306 3147 415 3228 partes
438 3144 639 3219 recenseam,
662 3135 705 3202 ab
727 3135 937 3224 bexapsalmo
959 3137 1030 3202 sive
1053 3137 1187 3225 psalmis
1209 3139 1239 3218 3,
1262 3139 1314 3220 37,
1337 3137 1457 3220 6287,
1476 3138 1626 3222 102,142

175 3241 322 3328 legendis
343 3241 473 3306 initium
496 3239 636 3316 faciunt,
660 3259 796 3326 quorum
811 3237 1008 3324 psalmorum
1024 3241 1247 3326 sexagesimus
1263 3239 1440 3322 secundus,
1462 3241 1528 3305 iam
1542 3244 1624 3307 anti-

173 3343 343 3431 quissimis
366 3341 566 3429 temporibus
588 3362 681 3404 mane
703 3341 834 3406 recitari
857 3341 987 3423 solitus,
1011 3342 1160 3421 ὀρθρινό(
1179 3345 1426 3425 cognominatus
1449 3351 1508 3408 est.
1546 3344 1625 3408 Post

173 3442 377 3532 hexapsalmi
401 3443 572 3507 lectionem
593 3443 694 3506 variis
717 3442 869 3527 precibus
892 3451 924 3506 et
946 3451 1043 3506 centu
1065 3443 1201 3529 troparii
1217 3442 1300 3510 (tede
1315 3443 1423 3523 κύρια(
1445 3442 1623 3507 interiectis
1718 3455 1720 3466 “

172 3567 288 3612 versus
310 3543 435 3632 aliquot
457 3543 655 3630 psalmorum
678 3543 811 3608 alternis
834 3543 963 3608 vicibus
984 3543 1141 3624 recitant,
1165 3563 1261 3628 quem
1282 3541 1443 3606 recitandi
1465 3543 1624 3608 rationem

172 3649 374 3729 ετιχολογίαε
407 3646 531 3713 dicunt.
573 3645 683 3731 Atque
715 3644 895 3729 antiquitus
928 3665 1042 3709 versus
1075 3644 1218 3708 omnium
1250 3631 1463 3730 psalmorum,
1494 3645 1529 3709 in
1557 3653 1622 3712 tres

172 3759 283 3836 partes
306 3749 452 3832 ((τάεειε)
474 3747 670 3826 divisorum,
697 3745 828 3810 recitari
854 3745 970 3811 solitos
991 3767 1064 3810 esse
1085 3744 1245 3833 colloquio
1267 3747 1366 3810 trium
1387 3745 1543 3812 abbatum
1566 3747 1622 3812 do·

172 3872 300 3933 ccmur3
323 3871 409 3914 nunc
431 3869 550 3936 paucos
572 3857 699 3914 tantum
721 3869 835 3912 versus
857 3848 1012 3930 recitant,
1042 3846 1100 3912 sed
1122 3849 1286 3934 tripertita
1307 3847 1470 3912 divisione
1492 3860 1622 3915 servata

171 3961 247 4039 post
271 3972 367 4016 unam
396 3969 558 4036 quamque
584 3951 785 4032 ετιχολογὶαν
813 3950 992 4034 troparium
1018 3949 1228 4016 intereinuut.
1278 3949 1444 4036 Deinceps
1472 3949 1622 4017 versibus

169 4051 384 4140 gradualibus
407 4052 611 4134 (ἀναβαθμοί)
639 4051 779 4116 cantatis
802 4062 835 4117 et
857 4048 1027 4136 evangelio
1054 4048 1138 4116 lecto
1168 4072 1239 4115 eam
1266 4050 1367 4116 officii
1393 4059 1519 4137 partem
1548 4075 1620 4138 per·

171 4177 269 4242 agere
297 4154 475 4238 incipiunt,
504 4173 586 4238 quae
614 4151 789 4238 plurimum
818 4151 924 4218 valuit
951 4151 994 4216 ad
1016 4154 1129 4239 poesin
1151 4151 1406 4218 ecclesiasticam
1427 4173 1619 4237 promoven·

169 4255 258 4322 dam.
296 4255 379 4321 Cum
394 4255 481 4320 enim
494 4254 676 4341 antiquitus
692 4256 764 4342 ipse
778 4274 896 4318 novem
918 4255 1046 4319 cantica
1067 4274 1159 4318 sacra
1175 4254 1211 4318 in
1224 4253 1286 4318 bac
1308 4260 1400 4339 parte
1423 4261 1618 4337 mutassent,

168 4357 247 4424 inde
261 4357 306 4424 ab
320 4365 437 4422 octavo
452 4355 580 4421 saeculo
597 4357 761 4422 veteribus
783 4356 917 4420 canticis
940 4375 1051 4441 parem
1064 4375 1233 4420 numerum
1248 4354 1451 4418 noviciarum
1471 4353 1618 4440 odarum,

78 4473 81 4480 ’
168 4481 250 4547 quas
272 4459 408 4524 canonis
429 4457 559 4522 nomine
581 4456 873 4543 comprehendunt,
897 4457 1095 4540 subiungere
1117 4464 1303 4540 coeperunt.
1340 4455 1472 4520 Conone
1487 4467 1617 4542 peracto

168 4571 201 4627 et
232 4556 361 4646 pusillis
393 4559 560 4645 tropariis,
593 4579 676 4645 quae
705 4560 925 4638 Φωταγωγικὰ
952 4567 985 4622 et
1012 4558 1285 4637 Ἐξαποετειλάρια
1317 4556 1446 4639 dicunt,
1479 4555 1616 4623 adiectis

166 4663 287 4728 iterum
313 4660 357 4726 ed
383 4659 581 4746 psalmorum
608 4660 828 4725 recitationem
860 4661 986 4725 reversi
1017 4657 1159 4746 psalmos
1190 4657 1265 4740 148,
1292 4658 1366 4739 149,
1392 4657 1465 4739 150,
1494 4681 1574 4744 quos
1596 4683 1617 4724 a

168 4761 272 4828 verbo
299 4761 415 4830 αἰνεῑτε
443 4762 572 4848 saepius
599 4763 737 4848 repetito
765 4762 878 4828 αἴνου(
907 4761 1112 4848 nuncupant,
1150 4759 1196 4824 ita
1227 4760 1381 4842 recitant,
1409 4767 1445 4823 ut
1478 4769 1616 4848 quatuor
