3800 5474
322 388 390 444 LlB.
406 389 454 443 III.
484 388 531 444 DE
547 386 775 443 RHYTHMICIS
789 387 942 444 LEGIBUS
957 387 1156 443 CARMINUM
1169 387 1469 444 BYZAN'I'INORUM.
1527 389 1639 444 LXXIX

189 537 254 615 Τὴν
277 535 457 614 ὡραιότητα
476 541 481 610 l
499 539 555 613 τῆ(
576 540 751 614 παρθενίας
775 556 832 600 tou
848 535 859 618 tl
876 537 927 600 καὶ
946 536 985 600 τὸ
1000 533 1231 615 ὑπέρλαμπρον
1251 534 1256 621 Ι
1274 537 1313 600 τὸ
1329 539 1385 614 τῆς
1400 535 1533 612 ἁγνεία(
1548 557 1616 601 coo.

189 637 234 701 Τὸ
257 637 484 703 ἀναλλοίωτον
503 646 508 715 Ι
526 639 564 702 τὸ
586 641 642 715 τῆ(
664 639 816 715 θεότητοτ
833 637 844 720 ΙΙ
861 639 911 701 καὶ
933 638 971 701 τὸ
994 638 1142 702 ἑκούτιον
1161 642 1165 717 t
1185 637 1289 702 adeor
1312 659 1379 714 του,
1403 641 1499 717 κύριε.

190 739 235 803 Τὸ
251 740 492 819 ἀκατάλληκτνν
512 743 517 815 Ι
536 740 573 803 τὸ
589 742 645 816 τῆ(
661 743 865 820 τταυρώτειιιτ
881 739 892 822 ss
909 740 960 802 καὶ
974 739 1218 818 ἀνερμήνευτον
1237 743 1243 815 1
1262 739 1299 803 τὸ
1315 740 1372 816 τῆ(
1388 739 1553 818 ἐγὲρεεωτ.

190 840 333 921 (ήμερον
355 841 599 919 ducentario(
621 841 803 922 ἀγάλλεται,
820 839 831 923 ΙΙ
849 839 898 904 ὅτι
920 841 957 905 τὸ
980 854 1073 919 χαῖρε
1095 860 1144 904 τοι
1163 843 1168 923 ῑ
1187 842 1293 921 φωνεῖ
1315 840 1525 919 ἀρχάγγελος.

191 943 424 1024 Ἐπιφανέντοτ
447 961 504 1006 (ου
524 941 528 1024 l
547 941 582 1006 ἐν
606 943 767 1030 Ἰορδάνῃ,
790 943 902 1020 ιιυτήρ,
919 941 931 1024 ΙΙ
947 943 998 1006 καὶ
1021 947 1244 1022 βαπτιτθέντοε
1265 961 1322 1005 rou
1342 947 1346 1021 Ι
1366 941 1430 1007 ὑπὸ
1453 947 1593 1023 προδρό-

1205 1063 1280 1121 μου,
1306 1042 1425 1121 Χριττέ.

191 1145 256 1211 Τὸν
278 1151 537 1225 (μμπαθὲετατον
555 1143 562 1232 Ι
582 1145 694 1224 κύριον
716 1151 859 1224 μα’ρτυρα
875 1145 886 1228 n
903 1145 1150 1224 ἐκδυευιποῦμέν
1174 1165 1206 1209 (ε
1225 1149 1230 1224 Ι
1249 1151 1378 1221 arcade,
1401 1146 1572 1226 Δημήτριε.

191 1247 424 1327 Θεομακάριαε
443 1250 448 1324 Ι
468 1251 564 1326 μῆτερ
587 1245 771 1327 ἀνύμφευτε
787 1247 798 1328 ΙΙ
814 1249 872 1324 τὴν
896 1245 1092 1311 ἀτθενοῦτὰν
1115 1267 1176 1326 μου
1196 1253 1201 1322 Ι
1221 1248 1329 1325 ψυχὴν
1352 1251 1562 1324 θεράπευτον.

190 1345 242 1410 Ειι
264 1369 426 1411 summum
447 1347 602 1433 nulloque
624 1347 694 1413 loco
717 1347 884 1412 turbatum
911 1355 1103 1411 concentum
1131 1347 1277 1410 musicae
1305 1356 1402 1410 notae
1428 1351 1583 1426 πεταετῆε
1605 1358 1638 1412 et

190 1446 337 1533 syllabae
358 1459 454 1514 acuto
475 1458 613 1513 accentu
636 1449 906 1535 pronuntiandae.
950 1447 1044 1514 Adeo
1067 1457 1174 1511 antem
1203 1448 1287 1512 hane
1309 1449 1499 1512 societatem
1522 1470 1636 1513 accen·

190 1560 281 1614 tuum
304 1559 337 1613 et
358 1551 558 1615 musicarum
580 1559 731 1614 notarum
752 1550 819 1613 iam
842 1549 989 1614 codicum
1012 1549 1140 1613 librarii
1162 1559 1406 1636 persenserant,
1434 1559 1471 1614 ut
1497 1552 1637 1636 quoties-

189 1673 317 1737 cunque
338 1654 426 1717 notis
448 1652 582 1716 musicis
605 1653 709 1716 verba
730 1651 909 1716 carminum
924 1651 1147 1732 instruebant,
1163 1655 1323 1743 'accentus
1338 1650 1540 1738 syllabarum
1558 1654 1635 1717 scri·

190 1752 268 1817 bere
295 1753 554 1838 supersederent.
598 1750 688 1816 Nihil
717 1773 794 1816 vero
822 1751 945 1817 referre
978 1752 1145 1835 videmus,
1181 1761 1291 1816 utrum
1320 1751 1564 1833 circumflexus,
1593 1775 1635 1818 an

189 1865 304 1919 acutus
327 1862 481 1919 accentus
504 1853 650 1939 syllabae
673 1855 731 1935 sit3
753 1855 906 1917 nimirum
930 1875 1003 1918 cum
1026 1855 1212 1918 discrimine
1234 1854 1382 1940 syllabae
1404 1856 1583 1940 productae
1605 1865 1638 1920 et

190 1966 360 2040 correptae
382 1967 598 2021 evanescente
624 1956 682 2020 illa
708 1977 837 2041 quoque
865 1964 1019 2019 accentus
1049 1954 1251 2020 circumflexi
1281 1966 1314 2019 et
1341 1958 1429 2020 acuti
1452 1956 1637 2022 differentia

191 2056 358 2122 obliterari
386 2066 503 2142 coepta
529 2065 589 2120 est.
634 2055 758 2122 Contra
784 2055 877 2121 nulla
903 2055 1025 2122 indicia
1051 2067 1210 2144 apparent
1239 2057 1404 2122 societatis
1432 2057 1519 2123 inter
1546 2059 1637 2123 vocis

191 2181 306 2224 sonum
330 2158 493 2224 elevatum
508 2168 541 2222 et
555 2156 716 2244 syllabam
738 2158 869 2243 longam
884 2158 1125 2223 intercedentis.
1170 2159 1274 2223 Immo
1289 2181 1367 2222 vero
1382 2160 1536 2223 metricae
1550 2169 1640 2224 com-'

190 2260 360 2346 positionis
394 2260 523 2345 legibus
553 2258 671 2344 spretis
701 2270 734 2323 et
761 2259 897 2324 abiectis
932 2260 1039 2345 poesis
1069 2259 1247 2345 byzantina
1274 2258 1451 2345 rhythmici
1483 2261 1636 2326 carminis

188 2372 339 2426 naturam
362 2371 463 2426 totam
485 2361 648 2426 induerat.
692 2362 802 2446 Atque
817 2362 883 2424 iam
898 2370 1014 2448 quarto
1035 2360 1165 2426 saeculo
1181 2359 1375 2445 Gregorinm
1392 2359 1636 2426 Nazianzenum

190 2464 224 2528 in
246 2463 373 2528 duobus
396 2462 597 2529 carminibus
620 2461 662 2526 ab
689 2463 832 2528 metricis
862 2463 904 2527 ad
927 2462 1129 2548 rhythmicas
1158 2462 1300 2526 rationes
1329 2463 1468 2528 transire
1489 2465 1637 2550 coepisse

190 2587 292 2652 supra
306 2586 339 2650 p.
357 2564 446 2629 XIII
459 2565 654 2645 monuimus,
671 2573 704 2642 et
718 2565 816 2628 etiam
833 2563 944 2628 multis
959 2567 1053 2628 annis
1070 2573 1146 2628 ante
1161 2563 1357 2650 Gregorium
1373 2564 1529 2646 Babrius,
1545 2564 1638 2630 Iabu-

188 2657 295 2730 larnm
331 2667 487 2751 scriptor,
525 2665 675 2752 quamvis
709 2686 825 2730 severe
856 2666 890 2729 in
923 2665 1075 2740 versibus
1104 2665 1229 2730 claudis
1259 2666 1419 2731 faciendis
1448 2665 1538 2751 leges
1571 2687 1636 2730 me-

190 2767 289 2833 tricas
311 2768 519 2850 observaret,
546 2777 656 2832 tamen
683 2767 834 2832 accentui
862 2787 990 2852 quoque
1012 2765 1073 2832 hoc
1095 2766 1238 2833 dandum
1261 2789 1332 2832 esse
1354 2767 1571 2853 epistimavit‚
1601 2779 1638 2831 ut

189 2869 389 2954 paenultimo
419 2871 490 2934 loco
517 2870 674 2955 cuiusque
702 2889 816 2932 versus
845 2889 1005 2953 nusquam
1039 2890 1103 2932 non
1138 2878 1267 2934 acutam
1296 2866 1463 2955 syllabam,
1485 2877 1636 2954 poneret;

190 2971 277 3036 conf.
302 2957 478 3058 Westphal
501 2969 714 3035 Griechische
736 2968 859 3034 Metrik
881 2969 913 3032 2.
935 2968 1028 3033 Aust.
1052 2969 1097 3051 ΙΙ,
1120 2970 1173 3034 54.
1217 2970 1393 3035 Praeterea
1416 2979 1542 3035 mutata
1564 2992 1636 3057 pro·

190 3073 396 3138 nuntiatione
429 3081 462 3136 et
489 3071 652 3137 vocalium
679 3067 828 3136 breviirm
856 3069 1091 3158 longarumque
1119 3070 1305 3138 discrimine
1334 3075 1473 3159 primum
1502 3073 1635 3152 minuto,

190 3173 310 3238 deinde
338 3172 483 3252 sublato,
516 3174 610 3238 cuius
641 3173 688 3236 rei
716 3193 842 3239 errores
870 3173 1038 3238 titulorum
1051 3173 1178 3261 'primis
1208 3175 1346 3239 saeculis
1373 3183 1448 3262 post
1470 3173 1636 3268 Christum

189 3285 302 3340 natum
323 3275 555 3360 inscriptomm
576 3272 856 3360 insculptarumvc
878 3274 971 3360 larga
993 3274 1188 3339 documenta
1215 3276 1443 3365 suppeditant,
1473 3275 1543 3340 fieri
1571 3297 1636 3340 non

190 3377 312 3464 potuit,
335 3378 414 3463 quin
436 3376 621 3462 rhythmica
642 3375 788 3440 carmina
809 3377 842 3441 in
866 3375 937 3440 dies
959 3378 1064 3460 magis
1086 3375 1252 3462 placerent
1266 3379 1486 3464 maioremque
1502 3374 1636 3463 applau-

189 3501 262 3542 sum
284 3477 418 3542 lerrent.
462 3477 581 3543 Nescio
612 3487 722 3542 tamen
750 3499 792 3542 an
821 3479 917 3542 etiam
941 3478 1224 3563 plus-exemplum
1251 3476 1450 3563 psalmorum
1482 3488 1516 3542 et
1536 3479 1636 3542 canti·

190 3602 302 3645 corum
324 3578 549 3644 hebraicorum
572 3579 725 3643 valuerit.
769 3576 900 3644 Etenim
928 3577 1126 3666 psalmorum
1154 3589 1269 3644 cantus
1296 3578 1336 3642 in'
1360 3576 1498 3643 ecclesia
1519 3599 1637 3662 graeca

189 3681 356 3767 usquead
379 3689 525 3744 nostram
547 3681 735 3746 memoriam
765 3679 927 3765 insignem
949 3679 1055 3745 locum
1078 3680 1205 3748 obtinet
1232 3690 1265 3746 et
1286 3679 1536 3745 christianorum
1560 3700 1635 3743 oan-

189 3785 256 3848 tica
276 3780 390 3869 procul
412 3781 513 3846 dubio
541 3803 583 3846 ex
610 3783 789 3869 synagogis
812 3780 988 3847 Iudaerum
1016 3791 1184 3870 tamquam
1205 3783 1313 3869 capite
1341 3793 1374 3848 et
1399 3783 1493 3848 fonte
1518 3781 1637 3868 proflu-

189 3895 320 3950 xerunt.
363 3883 484 3948 Mirum
505 3884 621 3966 igitur,
644 3885 677 3948 ni
700 3883 854 3950 hebraica
875 3885 982 3971 poesis
1005 3885 1159 3950 similium
1188 3884 1369 3948 carminum
1391 3885 1636 3970 purgandorum

190 3985 300 4052 studia
333 3985 420 4072 apud
449 3983 644 4051 christianos
674 3986 880 4051 excitaverit.
935 3985 1008 4052 Hac
1035 3997 1145 4052 autem
1174 4007 1209 4050 re
1238 3987 1273 4049 in
1300 3983 1511 4050 difficillimas
1539 4006 1637 4071 quae-

189 4087 311 4152 stiones
339 4087 380 4152 de
402 4086 587 4173 rhythmica
614 4089 721 4152 forma
746 4087 944 4174 psalmorum
973 4089 1236 4173 canticorumque
1264 4107 1429 4150 sacrorum
1452 4083 1636 4167 incidimus,
1696 4083 1697 4088 ’

189 4189 310 4276 quibus
334 4189 390 4254 diu
417 4187 620 4274 multumque
647 4211 667 4252 a
690 4191 770 4254 viris
792 4189 988 4254 doctissimis
1016 4187 1205 4275 disceptatis
1228 4209 1335 4252 meum
1358 4186 1515 4251 iudicium
1536 4186 1636 4252 inter·

189 4313 312 4378 ponere
344 4311 409 4355 non
443 4291 623 4368 temerarii,
658 4290 716 4356 sed
749 4290 947 4376 impudentis
981 4288 1121 4354 hominis
1150 4300 1247 4354 esset.
1295 4287 1420 4354 Verum
1447 4287 1636 4354 accentibus

190 4393 395 4479 syllabarum
418 4413 576 4456 summam
599 4394 666 4457 vim
688 4393 722 4456 in
743 4389 1020 4456 modulationibus
1047 4389 1211 4455 hebraicis
1239 4389 1395 4454 tributam
1418 4409 1490 4454 esse
1513 4413 1533 4454 a
1553 4392 1636 4475 peri·

188 4497 325 4561 tissimis
355 4493 520 4560 iudicibus
549 4492 683 4559 concedi
712 4491 828 4572 audio,
864 4512 1001 4578 quorum
1030 4512 1072 4555 ex
1098 4511 1233 4556 numero
1267 4513 1367 4556 unum
1396 4490 1636 4556 Delitzschium

191 4607 309 4662 testem
338 4596 400 4663 hoc
428 4597 499 4660 loco
528 4595 643 4660 afferre
670 4597 777 4660 iuvat:
815 4593 885 4658 Das
913 4590 1145 4658 musikaliscbe
1168 4591 1319 4658 Element
1341 4594 1400 4658 der
1420 4592 1636 4662 hebrairchen

189 4698 399 4764 Grammatik
422 4699 466 4762 ist
487 4697 547 4762 das
570 4695 938 4782 accentuologische....
961 4694 1062 4760 deder
1083 4691 1168 4758 Vers
1191 4695 1247 4759 des
1271 4692 1635 4760 alttestamentalischen

189 4801 315 4866 Teates
338 4799 444 4866 bildet
465 4800 537 4863 eine
560 4797 663 4862 durch
685 4799 738 4863 dic
759 4795 964 4862 Tonaeicben
986 4796 1166 4882 geregelte,
1190 4818 1249 4861 aus
1271 4795 1415 4862 Vorder-
1439 4796 1506 4860 und
1529 4794 1635 4862 Nach-
