3800 5474
281 392 304 445 X
859 391 1139 446 PROLEGOMENA.

280 528 393 627 preces
416 559 475 624 pro
490 561 560 621 sua,
582 538 728 622 coniugis
745 537 948 625 filiorumque
971 536 1076 604 salute
1099 537 1217 604 fundit.
1255 539 1402 627 Reliquis
1420 563 1478 606 sex
1493 540 1622 628 hymnis
1637 550 1733 628 poeta

280 639 491 707 christianam
519 639 617 704 fidem
646 638 728 705 adeo
757 661 822 704 666
849 639 1031 726 profitetur,
1060 648 1097 705 ut
1125 640 1220 705 tertio
1248 639 1372 727 hymno
1399 641 1607 727 longissimo,
1636 665 1732 730 quem

280 731 378 829 paulo
400 751 475 827 post
496 763 722 808 aerumnosam
744 741 940 826 legationem
964 742 1007 806 ad
1029 742 1234 828 imperatoris
1256 742 1392 808 Arcadii
1415 743 1523 808 aulam
1546 742 1732 810 Constanti-

280 841 502 930 nopolitanam
525 851 726 930 susceptam,
750 843 821 907 sive
843 843 932 907 circa
952 865 1072 908 annum
1094 843 1158 907 400
1179 865 1252 908 oum
1274 847 1495 932 composuisse
1517 867 1559 910 ex
1580 846 1732 911 versibus

279 945 341 1008 427
365 966 435 1030 sqq.
459 954 491 1008 et
513 944 575 1010 489
597 965 669 1030 sqq.
693 943 813 1026 elucet,
843 943 977 1010 deorum
1005 944 1164 1010 auxilium
1186 944 1339 1030 imploret
1360 946 1605 1034 supplicemque
1625 948 1733 1012 omnia

199 1049 203 1058 '
281 1044 403 1132 templa
430 1068 633 1133 paganorum
663 1067 698 1110 se
725 1044 846 1110 adiisse
868 1069 923 1112 66.
946 1047 1011 1110 449
1032 1067 1103 1132 sqq.
1132 1055 1281 1113 testetur.
1325 1046 1437 1112 Nihilo
1465 1050 1571 1113 secius
1599 1059 1732 1116 cunctos

281 1147 392 1214 decem
419 1148 557 1232 hymnos
585 1147 646 1212 hoe
672 1146 755 1211 libro
783 1145 927 1212 edendos
954 1149 1156 1230 curavimus,
1187 1151 1340 1236 quoniam
1369 1158 1482 1215 auctor
1509 1153 1579 1237 ipse
1601 1151 1730 1238 epilogo

281 1249 399 1314 decimi
420 1248 534 1335 hymni
555 1269 668 1314 omnes
689 1247 724 1312 iu
746 1248 842 1312 unius
865 1247 943 1314 libri
964 1271 1081 1336 corpus
1102 1249 1350 1336 coniungendos
1374 1251 1589 1336 significavit,
1620 1261 1652 1318 et
1674 1275 1730 1318 ex-

280 1350 373 1417 ordio
397 1351 494 1438 primi
516 1349 630 1438 hymni
651 1350 849 1434 gravitatem
877 1359 975 1438 atque
997 1349 1234 1417 sublimitatem
1256 1351 1371 1418 Musae
1393 1353 1443 1418 his
1466 1354 1579 1418 decem
1600 1352 1731 1441 hymnis

280 1474 469 1539 expressam
501 1451 629 1517 levitati
661 1453 858 1535 carminum,
895 1474 977 1539 quae
1015 1453 1144 1518 iuvenis
1179 1452 1294 1519 Alcaei
1327 1465 1359 1520 ot
1394 1455 1610 1522 Anacreontis
1643 1477 1731 1521 more

209 1541 215 1556 ⁸
279 1556 373 1639 (μετὰ
403 1556 502 1634 Τηῖαν
537 1554 653 1620 ἀοιδὰν
689 1556 767 1633 μετὰ
802 1553 934 1636 Λεεβίαν
962 1575 996 1620 τε
1029 1557 1172 1638 μολπάν)
1204 1556 1342 1639 luserat,
1380 1557 1577 1622 contrariam
1610 1559 1730 1644 posuit.

280 1656 428 1743 Namque
449 1654 512 1720 hoc
532 1656 640 1742 ipsum
662 1653 795 1741 Synesii
816 1659 982 1742 proprium
1005 1665 1104 1742 atque
1127 1657 1291 1742 peculiare
1312 1656 1392 1738 fuit,
1422 1657 1507 1745 quod
1531 1659 1731 1742 neoplatoni-

280 1779 391 1822 corum
418 1754 684 1844 philosophorum
714 1756 844 1843 placitis
873 1766 905 1821 et
933 1758 1131 1822 christianae
1159 1757 1235 1824 fidei
1268 1761 1450 1846 praeceptis
1484 1761 1667 1826 coniunctis
1699 1771 1731 1826 ct

279 1857 441 1944 confusis,
474 1881 557 1944 quae
590 1856 774 1944 philosophi
808 1856 849 1922 de
882 1857 942 1923 deo
976 1859 1117 1924 omnium
1148 1881 1256 1924 rerum
1283 1861 1444 1946 principio
1466 1882 1506 1925 ac
1527 1861 1655 1944 radice,
1689 1862 1731 1927 de

279 1960 442 2047 sapientia
464 1960 577 2042 (λόγος
599 1958 652 2024 661
675 1961 787 2042 (opio)
814 1957 901 2024 iude
917 1968 1078 2046 prognata
1105 1962 1271 2049 totiusque
1303 1959 1416 2026 muudi
1449 1964 1665 2048 procreatrice
1698 1974 1731 2028 et

278 2061 524 2146 gubernatrice,
556 2061 697 2147 denique
724 2059 765 2124 de
794 2059 1065 2144 consiliumeunt]
1088 2062 1141 2127 661
1164 2063 1253 2146 abele)
1280 2065 1366 2128 inter
1393 2064 1528 2150 stirpem
1552 2073 1585 2129 et
1607 2063 1731 2151 prolem

279 2163 387 2228 medio
409 2162 632 2228 intercedente
654 2171 887 2249 praeceperant
909 2162 964 2243 (cf.
980 2163 1090 2248 hymn.
1106 2162 1135 2247 I,
1151 2164 1194 2229 50
1208 2186 1278 2251 sqq.
1307 2164 1355 2247 II,
1371 2164 1414 2230 25
1429 2187 1499 2252 sqq.
1522 2165 1588 2249 III,
1603 2165 1668 2231 210
1682 2189 1729 2254 sq.

279 2262 340 2348 IV,
364 2263 403 2329 87
428 2287 496 2351 sqq.
533 2264 596 2347 VI,
622 2266 637 2328 1
662 2265 766 2350 sqq),
805 2263 885 2328 haec
908 2264 952 2329 ad
973 2263 1223 2331 christianorum
1245 2276 1421 2354 praecepta
1443 2265 1485 2331 de
1506 2267 1653 2334 trinitate
1676 2269 1729 2334 dei

279 2366 399 2450 patris,
423 2365 544 2431 Christi
567 2363 641 2446 filii,
665 2366 799 2451 spiritus
822 2367 926 2430 saneti
947 2364 1144 2432 illustranda
1159 2377 1191 2432 et
1207 2367 1429 2434 confirmanda
1444 2368 1643 2434 conferebat.
1679 2369 1729 2436 Eo

278 2465 443 2532 lubentius
466 2475 575 2531 autem
597 2488 709 2532 omnes
732 2467 843 2533 decem
864 2465 1002 2554 hymnos
1025 2469 1059 2534 in
1081 2468 1164 2536 hanc
1186 2469 1406 2555 anthologiam
1426 2469 1619 2558 recepimus,
1642 2471 1730 2558 quod

278 2568 380 2634 altum
408 2577 441 2633 et
471 2568 590 2634 elatum
619 2569 747 2655 spirant
775 2569 981 2656 animumque
1008 2568 1102 2636 arida
1133 2572 1313 2638 carminum
1346 2572 1597 2658 byzantinorum
1625 2575 1729 2639 tenui-

278 2678 345 2734 tate
373 2669 496 2736 fessum
528 2670 762 2736 sententiarum
791 2670 993 2738 sublimitate
1021 2674 1260 2759 verborumque
1287 2674 1427 2740 audacia
1454 2683 1603 2740 recreant
1631 2685 1729 2762 atque

274 2771 415 2857 'erigunt
1680 2836 1684 2844 .

362 2869 415 2938 Ex
442 2873 500 2955 iis,
534 2895 617 2961 quae
644 2875 740 2940 modo
769 2874 1025 2961 disputavimus,
1058 2873 1141 2941 illud
1170 2863 1298 2962 quoque
1325 2885 1477 2964 apparet,
1511 2898 1569 2942 cur
1597 2877 1729 2964 Synesii

277 2973 392 3062 hymni
424 2997 599 3062 numquam
631 2977 717 3042 inter
748 2975 987 3042 ecclesiasticas
1019 2975 1099 3044 odas
1131 2979 1254 3065 recepti
1288 2979 1364 3044 sint.
1409 2977 1508 3058 Quod
1542 2979 1628 3044 euim
1658 2989 1728 3045 tum

277 3076 432 3162 temporis
465 3075 579 3142 sedulo
612 3079 795 3161 cavebant,
823 3100 864 3143 ne
896 3077 1027 3164 hymnis
1059 3081 1197 3146 noviciis
1230 3081 1317 3146 inter
1348 3081 1572 3146 ecclesiastica
1600 3081 1728 3147 6661166

277 3177 418 3265 receptis
442 3178 548 3243 animi
575 3179 825 3245 christianorum
852 3180 925 3266 ipsa
952 3181 1120 3247 modorum
1148 3179 1364 3247 dulcedines
1385 3202 1465 3248 vera
1487 3190 1519 3247 et
1540 3182 1728 3270 incorrupta

277 3280 425 3345 doctriua
447 3278 624 3346 christiana
645 3281 686 3346 ad
710 3302 832 3346 errores
855 3280 1037 3348 haereticos
1059 3291 1284 3367 avocarentur,
1307 3284 1350 3349 ad
1371 3283 1468 3348 huius
1491 3305 1619 3371 quoque
1641 3285 1727 3350 vatis

277 3389 428 3467 poemata
455 3381 649 3467 pertinebat.
694 3380 758 3448 Sed
787 3403 825 3446 ea
853 3392 985 3449 cantata
1011 3393 1044 3449 et
1073 3383 1165 3470 lyrae
1192 3383 1313 3450 fidibus
1342 3385 1586 3451 accommodata
1613 3386 1727 3468 fuisse,

276 3481 354 3548 iude
376 3483 538 3554 coniicere
560 3485 682 3571 possis,
705 3484 793 3571 quod
816 3487 894 3568 μέλη
918 3484 958 3568 (Ι,
981 3484 1040 3570 513
1064 3484 1144 3564 VII,
1168 3486 1202 3565 9,
1225 3485 1283 3568 42;
1307 3485 1409 3569 VIII,
1430 3487 1485 3568 51)
1510 3489 1596 3571 ᾡδὰε
1620 3487 1668 3571 (Ι,
1691 3487 1725 3572 5)

276 3586 405 3663 μολπὰν
429 3583 502 3666 (IV,
525 3586 583 3668 403
617 3584 659 3667 V,
682 3587 736 3669 50)
771 3588 891 3666 νόμου(
914 3585 994 3668 (VII
1002 3636 1011 3670 ,
1037 3589 1067 3668 l)
1097 3609 1136 3651 ea
1163 3597 1261 3673 poeta
1294 3585 1439 3674 appellat
1466 3597 1499 3652 et
1526 3586 1599 3674 plus
1628 3587 1726 3654 semel

276 3695 444 3750 cantorum
467 3687 559 3751 vocis
582 3687 641 3770 (ΙΙ,
664 3687 700 3770 43
723 3687 784 3770 IV,
808 3690 842 3772 73
866 3687 962 3769 VIII,
978 3689 1011 3770 3)
1035 3697 1068 3754 et
1089 3688 1292 3774 phormiugis
1315 3688 1525 3776 citharaeque
1547 3690 1589 3774 (Ι,
1616 3693 1643 3770 1,
1670 3691 1724 3773 133

277 3785 373 3869 VIII,
389 3786 444 3868 52)
460 3788 655 3852 mentionem
678 3787 767 3853 facit.
813 3789 972 3870 Quamvis
995 3798 1104 3856 autem
1119 3791 1153 3854 iu
1168 3791 1365 3855 contrariam
1380 3800 1505 3876 partem
1527 3790 1588 3856 hoc
1611 3791 1725 3856 afferre

274 3888 398 3974 possis,
421 3886 509 3974 quod
530 3888 606 3954 inde
629 3887 670 3953 ab
693 3889 824 3955 Horatii
845 3901 951 3956 aetate
973 3900 1088 3978 poetae
1110 3890 1222 3976 lyrici,
1244 3890 1321 3957 licet
1343 3893 1504 3976 carmina,
1533 3915 1617 3979 quae
1638 3891 1723 3978 lege-

275 4000 404 4071 rentur,
427 4012 492 4055 non
515 3999 716 4072 canerentur,
741 3993 945 4080 scripserint,
969 4005 1077 4059 tamen
1100 3991 1230 4071 fidium,
1252 3994 1424 4075 tibiarum,
1454 4015 1593 4060 canorae
1614 3994 1724 4060 Musa·

275 4113 347 4156 rum
381 4092 471 4156 vocis
502 4093 840 4165 commemorationes
868 4117 909 4159 ex
941 4096 996 4176 iis,
1031 4115 1114 4182 quae
1147 4093 1360 4160 imitabantur
1387 4094 1439 4160 661
1467 4095 1725 4179 aemulabantur,

276 4192 475 4259 carminibus
508 4192 675 4259 veteribus
709 4195 751 4260 ad
783 4218 858 4261 suas
892 4197 972 4262 odas
1005 4195 1211 4262 transtulisse
1238 4195 1403 4280 feruntur,
1432 4207 1539 4264 tamen
1566 4198 1627 4264 hoe
1649 4219 1723 4264 con-

176 4281 177 4286 *
275 4295 373 4360 cedas
395 4305 537 4380 oportet,
560 4295 734 4382 Synesium
756 4297 798 4362 iis
820 4300 979 4379 numeris,
1003 4299 1121 4386 quibus
1137 4297 1373 4363 cantilenarum
1395 4309 1543 4366 auctores
1566 4298 1622 4365 illo
1645 4311 1723 4367 tam·

275 4417 352 4482 pore
375 4395 475 4480 vulgo
496 4397 681 4478 utebantur,
704 4399 737 4464 et
758 4400 865 4486 ipsum
888 4401 1067 4466 orationem
1089 4397 1271 4465 inclusisse.
1309 4399 1458 4487 Namque
1472 4402 1723 4468 Anacreonticis

274 4498 379 4563 modis
403 4500 474 4564 sive
496 4497 644 4565 dimetria
667 4501 781 4566 ionicis
879 4553 882 4560 .

677 4654 914 4675 .......
931 4639 955 4674 ss
977 4602 1031 4666 vel
1052 4626 1089 4674 u'ir
1106 4665 1126 4674 ..
1144 4637 1167 4672 ῦ
1185 4665 1205 4674 -
1222 4655 1240 4673 υ
1257 4663 1277 4675 .
1294 4640 1318 4674 κ.)

188 4747 191 4756 -
273 4701 433 4788 inprime
456 4711 489 4768 el
510 4703 668 4786 secundo,
691 4706 848 4770 trimetris
871 4705 986 4771 Ionicis
1109 4702 1113 4708 ’

273 4827 314 4875 w
331 4855 639 4876 .........
656 4842 680 4876 a
706 4805 760 4870 vel
782 4857 1162 4880 ...........
1179 4843 1202 4876 a
1227 4806 1280 4872 vol
1300 4857 1681 4881 ..........
1698 4846 1722 4879 a
