3800 5474
291 425 420 481 LlB.Ill.
450 426 497 480 DE
512 397 737 482 ttttYTflMtttts
752 426 905 481 LEGIBUS
921 425 1116 482 CARMlNUM
1132 425 1431 482 BYZANTINORUM.
1476 425 1587 481 LXXXI

143 594 303 658 apparere
325 573 456 636 videtur
479 574 514 636 in
535 573 723 661 byzantinis
738 572 938 638 carminibus
962 573 1121 660 syllabam
1137 582 1264 638 acutam
1287 573 1339 638 vel
1364 583 1589 638 accentuatatn

143 674 251 739 locum
274 673 423 762 syllabae
450 673 628 760 productae
656 674 847 740 obtinuisse.
893 673 1073 754 Quaeritur
1100 677 1218 762 igitur,
1247 699 1324 739 num
1353 675 1434 740 haec
1461 696 1590 761 quoque

142 778 289 841 carmina
316 775 445 862 syllaba
470 786 567 841 acuta
594 777 728 863 paribus
755 776 809 840 vel
838 776 1000 842 similibus
1032 777 1214 843 intervallis
1242 776 1400 843 redeunte
1426 775 1591 842 modulate

143 878 357 943 decurrerint.
402 879 596 963 Priusquam
624 889 731 943 autem
763 878 806 942 ad
833 877 918 942 hanc
945 879 1168 965 quaestionem
1199 879 1428 944 difficillimam
1461 877 1587 944 solven-

143 981 218 1043 dam
242 978 489 1064 aggrediamur,
513 1001 618 1066 pauca
639 979 733 1044 nobis
756 981 998 1067 praemonenda
1020 991 1106 1046 sunt.

228 1084 337 1167 Atque
365 1081 504 1166 primum
532 1084 675 1146 omnium
706 1083 955 1146 admirationem
982 1092 1109 1164 movet,
1142 1082 1229 1169 quod
1259 1084 1428 1168 byzantini
1457 1082 1587 1162 melodi,

141 1185 290 1270 quamvis
313 1203 417 1269 paene
439 1183 624 1247 innumeras
646 1192 740 1248 notas
764 1185 903 1248 musicas
936 1182 1210 1268 excogitaverint,
1240 1185 1360 1272 quibus
1394 1208 1457 1248 non
1472 1185 1590 1250 solunt

142 1283 347 1349 altitudinem
369 1285 459 1350 vocis
468 1333 476 1367 ,
501 1284 559 1348 sed
582 1286 679 1349 etiam
694 1286 849 1372 temporis
873 1287 1015 1372 spatium
1031 1294 1064 1350 et
1079 1287 1169 1350 vocis
1184 1288 1294 1351 varios
1310 1285 1414 1350 flexus
1430 1295 1590 1367 notarent,

141 1397 252 1450 tamen
275 1384 363 1450 nullo
386 1389 480 1470 signo
506 1387 550 1450 ad
578 1387 766 1473 rhythmum
795 1407 1010 1473 numerosque
1039 1388 1229 1452 indicandos
1253 1389 1304 1452 usi
1327 1398 1416 1453 sunt.
1461 1387 1527 1452 Sed
1549 1410 1590 1451 ne

140 1489 290 1573 magistri
312 1486 457 1574 quidem,
487 1488 542 1574 qui
572 1488 613 1553 de
636 1499 704 1553 arte
732 1489 857 1552 musica
879 1491 1087 1576 commentati
1109 1499 1200 1570 sunt,
1230 1489 1313 1554 hanc
1336 1501 1478 1577 partem,
1508 1512 1590 1576 quae

140 1591 236 1654 nobis
258 1587 389 1674 quidem
412 1590 608 1674 gravissima
631 1611 701 1654 esse
725 1588 870 1671 videtur,
899 1599 1115 1675 pertractant,
1146 1602 1179 1656 et
1207 1591 1312 1657 sicubi
1335 1591 1480 1679 rhythmi
1502 1614 1591 1656 men-

141 1693 262 1756 tionem
278 1691 437 1768 inliciunt,
466 1693 513 1756 ita
534 1690 710 1772 fluctuant,
733 1701 770 1755 ut
792 1693 860 1755 eiua
883 1693 950 1755 vim
966 1694 1071 1777 magis
1094 1691 1181 1756 fama
1204 1695 1385 1780 accepisse,
1408 1716 1505 1780 quam
1528 1717 1590 1757 usu

140 1793 327 1879 percepisse
349 1792 534 1857 videantur.
579 1793 631 1857 Sic
654 1792 854 1872 Philoxenus
878 1794 979 1874 Θεωρ.
1002 1816 1034 1879 p.
1051 1795 1111 1876 45,
1135 1803 1305 1880 postquam
1328 1795 1473 1882 rhythmi
1496 1805 1589 1860 natu-

140 1916 210 1958 ram
238 1895 270 1958 in
300 1893 445 1977 legitimo
473 1893 587 1958 ordine
614 1895 696 1958 arsis
726 1903 759 1958 et
785 1894 886 1958 thesis
916 1896 1054 1980 positam
1083 1917 1154 1960 esse
1182 1906 1270 1962 recte
1297 1896 1460 1976 definivit,
1492 1896 1589 1984 paulo

138 2005 214 2083 post
242 1995 428 2081 rhythmum
461 2017 534 2060 cum
562 1992 741 2060 accelerato
775 2005 831 2060 aut
866 1995 1032 2061 retardato
1067 2005 1157 2062 motu
1191 1999 1297 2082 vocis,
1329 2021 1426 2085 quem
1459 2001 1590 2080 ἀγωγὴν

67 2153 73 2162 .
140 2107 267 2164 veteres
290 2099 461 2181 magistros
485 2096 610 2161 dixisse
633 2105 776 2176 constat,
801 2100 1028 2164 commutavit:
1053 2101 1173 2166 Ἐκεῖνο
1197 2102 1243 2180 δὲ,
1267 2102 1304 2165 τό
1327 2101 1446 2168 ὁποῖον
1469 2103 1589 2178 γίνεται

140 2201 176 2265 ἐκ
197 2204 253 2279 τῆς
275 2203 420 2279 τακτικῆς
442 2202 626 2280 ςυμφωνίας
649 2204 720 2280 μιᾶς
742 2203 891 2280 μουςικῆς
913 2203 965 2266 διὰ
986 2205 1053 2266 τῶν
1077 2204 1209 2266 πολλῶν
1233 2201 1384 2280 ὀργάνων
1412 2205 1432 2283 ἢ
1456 2207 1589 2284 ψαλτῶν

140 2303 194 2366 διὰ
215 2304 270 2379 τῆς
294 2302 442 2368 ἑνώςεως
463 2307 522 2367 τοῦ
544 2303 647 2380 ἀργοῦ
669 2304 720 2367 καὶ
740 2306 877 2381 γοργοῦ,
902 2303 947 2367 ὡς
970 2302 1005 2366 ἐκ
1026 2305 1082 2380 τῆς
1097 2303 1249 2381 κινήςεως
1271 2309 1327 2382 τῆς
1341 2304 1411 2370 ἄνω
1434 2307 1485 2370 καὶ
1501 2306 1586 2370 κάτω

140 2407 248 2484 φορᾶς
271 2403 345 2468 ἑνός
372 2404 517 2483 ςώματος
546 2403 589 2468 εἰς
616 2405 712 2468 δεῖξιν
741 2403 858 2481 κρότου
886 2405 936 2468 καὶ
965 2404 1093 2484 ἠρεμία(
1115 2407 1170 2481 τῆς
1199 2403 1320 2484 ἄρςεως
1348 2408 1399 2470 καὶ
1420 2408 1589 2484 θέςεως,ἢ

140 2507 175 2568 ἐκ
203 2509 263 2569 τοῦ
290 2506 487 2585 μετρήματος
509 2509 567 2569 τοῦ
591 2506 726 2586 βραχέος
748 2507 799 2568 καὶ
821 2510 943 2584 μακροῦ
972 2505 1103 2587 χρόνου,
1132 2506 1324 2586 ὀνομάζεται
1353 2507 1483 2587 ῥυθμός,
1506 2507 1590 2587 ὅπερ

140 2609 265 2683 λέγεται
299 2608 378 2672 κατὰ
406 2609 464 2688 μὲν
499 2608 577 2671 τοὺς
610 2607 748 2685 Ἄραβας
780 2607 915 2682 οὐςούλ,
949 2608 1027 2673 κατὰ
1061 2609 1096 2672 δὲ
1129 2609 1207 2673 τοὺς
1239 2608 1447 2687 Εὐρωπαίους
1479 2610 1589 2688 repro.

139 2706 333 2772 Eustathios
362 2707 492 2792 quidem
523 2707 740 2786 Thereianos,
769 2708 825 2792 qui
852 2705 979 2793 aliquot
1007 2708 1185 2773 carminum
1212 2709 1325 2774 modos
1355 2711 1474 2774 nostris
1505 2711 1589 2774 notis

138 2808 272 2873 musicis
302 2829 474 2895 expressos
503 2807 649 2873 officiose
676 2807 770 2872 nohis
793 2807 1028 2889 commodavit,
1056 2817 1168 2874 nostro
1197 2832 1288 2875 more
1317 2815 1415 2876 etiam
1442 2810 1589 2897 singulos

138 2910 240 2994 pedes
265 2906 358 2973 lineis
381 2909 479 2972 rectis
502 2907 631 2991 divisit,
665 2909 723 2972 sed
746 2930 851 2996 neque
873 2930 1064 2994 graecorum
1087 2909 1309 2976 characterum
1341 2912 1526 3000 exemplum
1557 2913 1590 2975 in

140 3013 200 3076 hac
222 3034 257 3074 re
280 3011 470 3076 adornanda
492 3019 621 3074 secutus
645 3019 708 3091 est,
730 3032 836 3096 neque
851 3009 949 3104 nihil,
971 3020 1009 3074 ut
1029 3012 1233 3076 numerosius
1250 3014 1337 3078 modi
1354 3022 1589 3100 percurrerent,

139 3114 285 3178 novavit.
329 3113 405 3198 lpse
428 3112 513 3174 enim
541 3134 599 3198 per
629 3111 738 3176 literas
766 3112 844 3176 mihi
872 3111 1070 3196 significavit
1096 3135 1130 3176 se
1151 3136 1359 3179 numerorum
1382 3117 1491 3200 gratia
1513 3123 1590 3179 tenr-

140 3237 255 3300 porum
285 3216 392 3301 spatia
417 3213 470 3278 hic
496 3210 565 3276 illic
594 3216 712 3299 partim
735 3215 956 3292 contraxisse,
980 3217 1100 3299 partim
1124 3213 1292 3282 dilatasse:
1327 3218 1423 3282 οὐδὲν
1446 3219 1474 3282 δ’
1497 3216 1589 3298 ἄλλο,

139 3319 219 3397 ἔφη,
243 3317 375 3395 ἐποίηςα
397 3318 416 3394 ἢ
439 3318 726 3396 προςθαφαιρέςεις
741 3323 839 3382 τινῶν
855 3317 983 3395 χρόνων
1007 3317 1059 3381 ἐπὶ
1082 3319 1118 3382 τὸ
1140 3317 1385 3399 όυθμικώτερον.
1431 3319 1589 3382 (lautores

141 3440 219 3482 vero
251 3420 360 3502 graeci
389 3417 475 3504 qnod
511 3416 647 3481 dextero
680 3416 781 3504 pede,
816 3416 894 3480 dum
934 3417 1111 3480 carminum
1140 3419 1253 3482 modos
1284 3428 1420 3499 canunt,
1457 3418 1589 3482 humum

142 3529 311 3607 percutere
327 3518 449 3602 solent,
467 3539 571 3604 neque
584 3518 626 3581 ad
639 3516 738 3603 pedes
752 3517 947 3582 dividendos
961 3539 1065 3602 neque
1081 3517 1124 3581 ad
1146 3517 1180 3580 id
1203 3519 1348 3604 rhythmi
1370 3540 1485 3602 genus,
1502 3518 1589 3604 quod

139 3644 198 3686 nos
213 3621 312 3704 vulgo
326 3620 554 3704 intellegimus,
571 3618 819 3703 significandum
836 3619 987 3706 pertinet.
1011 3617 1039 3681 N
1043 3640 1078 3682 os
1091 3620 1177 3682 enim
1189 3619 1340 3684 similiter
1351 3629 1449 3706 atque
1463 3631 1588 3686 veteres
1628 3608 1633 3619 ⁸

141 3722 261 3787 Graeci
290 3720 383 3808 pedis
412 3743 568 3785 manusve
597 3723 663 3784 ictu
691 3718 852 3806 syllabam
880 3723 1006 3785 intenta
1034 3743 1114 3786 voce
1142 3721 1415 3806 pronuntiandam
1444 3743 1515 3786 esse
1542 3723 1589 3786 ita

139 3823 378 3909 significamus,
414 3833 450 3887 ut
482 3820 663 3886 intervallis
697 3821 793 3887 ruodo
822 3823 1018 3903 maioribus,
1053 3823 1150 3886 modo
1183 3823 1362 3888 minoribus
1395 3823 1589 3888 intermissis

139 3925 252 4012 plures
275 3925 419 4012 syllabas
443 3947 507 3988 uno
532 3922 614 4009 pede
635 3923 964 4010 comprehendamus3
994 3925 1211 3990 recentiorum
1234 3923 1434 3990 Graecorum
1459 3926 1492 3990 in
1514 3948 1589 3989 can·

138 4025 250 4092 tilenis
273 4026 342 4090 iere
364 4024 511 4110 singulae
540 4023 687 4110 syllabae
715 4024 853 4109 singulis
886 4026 1005 4088 ictibus
1030 4025 1125 4119 pedis
1155 4027 1331 4107 feriuntur,
1360 4029 1590 4112 rarissimoque

139 4128 207 4192 duo
230 4131 300 4194 soni
323 4129 464 4220 correpti
487 4151 550 4192 uno
573 4129 639 4190 ictu
663 4125 996 4211 comprehenduntur3
1020 4129 1133 4191 conler
1156 4127 1373 4193 Philoxenum
1395 4127 1414 4190 l.
1438 4127 1458 4191 l.
1481 4153 1513 4214 p.
1532 4130 1586 4193 il:

137 4233 219 4296 ὸδὲ
241 4229 308 4296 ἀπό
339 4233 398 4310 τὴν
426 4231 499 4309 μίαν
528 4234 655 4308 κροῦςιν
685 4229 746 4292 ἕως
769 4228 812 4293 εἰς
840 4230 898 4306 τὴν
927 4227 1027 4308 ἄλλην
1056 4229 1285 4308 ἐξοδευόμενος
1309 4232 1417 4309 καιρός
1440 4231 1587 4310 λογαριό·

137 4339 226 4398 ῑεται
255 4331 301 4397 εἷς
329 4333 448 4412 χρόνος
482 4331 527 4396 εἷς
555 4334 728 4410 χαρακτὴρ,
764 4331 848 4396 όςτις
877 4331 1052 4411 φανερόνει
1081 4331 1140 4396 ἕνα
1166 4332 1332 4411 φθόγγον,
1364 4332 1503 4398 ἐξοδεόει
1531 4333 1588 4396 ἕνα

137 4435 273 4515 χρόνον.
319 4432 516 4498 Creberrimi
544 4433 646 4516 igitur
669 4431 702 4494 hi
723 4431 807 4494 ictus
830 4429 937 4518 pedis,
961 4431 1089 4496 etiamsi
1112 4440 1144 4495 et
1166 4432 1229 4516 ipsi
1245 4439 1410 4496 cantorem
1432 4433 1465 4496 in
1489 4433 1586 4495 inter-

137 4532 236 4599 vallis
266 4543 445 4620 temporum
479 4537 542 4598 rite
569 4533 740 4598 servandis
769 4532 942 4612 adiuvent,
965 4540 1072 4596 tamen
1102 4541 1168 4597 toto
1196 4531 1286 4598 coelo
1314 4533 1356 4598 ab
1383 4535 1588 4599 intersecivis

137 4633 207 4702 illis
230 4637 351 4700 ictibus
380 4635 549 4714 differunt,
578 4634 695 4721 quihus
724 4636 859 4699 veteresx
881 4633 1025 4698 Graecos
1055 4634 1096 4698 ad
1126 4635 1224 4720 pedes
1253 4657 1457 4701 numerorum
1487 4636 1587 4720 signi·

137 4737 288 4803 licandos
311 4759 387 4802 usos
410 4759 482 4801 esse
504 4737 665 4804 novimus.
1245 4754 1249 4762 ’

228 4839 312 4904 Nihil
328 4840 428 4922 igitur
441 4839 698 4926 byzantinorum
710 4859 769 4902 nec
782 4837 914 4901 musicis
928 4837 1085 4926 notispec
1099 4837 1192 4924 pedis
1209 4839 1328 4904 ictibus
1346 4839 1388 4903 ad
1400 4837 1587 4925 rhythmum

193 4944 305 4982 (ἋΕΙΙΗΔ
318 4951 465 4981 (ὶΕΒΙθἮᾸΙΔ.
1375 4949 1389 5001 f
