3800 5474
683 1319 1133 1405 PRAEFATIO.

269 1659 483 1725 Mirabundos
512 1658 612 1726 audio
639 1681 728 1725 meos
751 1661 873 1725 amicos
897 1667 1107 1746 quaerentes,
1137 1680 1201 1746 quo
1229 1659 1362 1723 tandem
1386 1665 1483 1744 paeto
1512 1656 1635 1722 facturn

185 1762 246 1844 sit,
278 1771 313 1826 ut
335 1784 355 1827 a
376 1782 566 1846 graecorum
595 1782 867 1848 romanorumque
892 1768 1063 1847 poetarum
1092 1767 1182 1824 tersa
1209 1760 1395 1826 urbanitate
1424 1766 1637 1845 veterumque

185 1864 383 1949 scriptorum
405 1862 569 1948 elegantia
591 1873 689 1950 atque
711 1861 864 1928 libertate
887 1862 930 1927 ad
953 1862 1205 1927 christianorum
1223 1861 1417 1948 hymnorum
1439 1861 1636 1946 gravitatem

185 1965 508 2051 Byzantinorumque
531 1965 641 2052 spinas
664 1973 762 2050 atque
784 1964 936 2029 acumina
958 1962 1114 2028 deferrer.
1151 1962 1217 2044 Qui
1233 1985 1273 2028 ne
1290 1963 1364 2030 vela
1385 1983 1437 2026 me
1458 1970 1636 2027 retrorsum

185 2065 316 2132 dedisse
344 2066 614 2153 transfugamque
640 2067 674 2131 in
701 2065 808 2132 aliena
834 2074 944 2130 eastra
971 2065 1147 2130 secessisse
1180 2064 1399 2150 suspicentur,
1429 2064 1543 2152 paucis
1570 2065 1635 2128 iam

186 2189 366 2253 exponam,
396 2167 474 2254 quid
497 2167 547 2232 rei
568 2190 620 2232 me
641 2166 821 2253 impulerit,
849 2175 886 2231 ut
913 2165 1032 2231 studiis
1056 2167 1137 2230 meis
1159 2165 1321 2252 prioribus
1344 2187 1407 2230 non
1430 2165 1554 2230 relictis
1577 2165 1635 2230 sed

185 2268 337 2354 repositis
366 2268 441 2334 huie
469 2268 650 2336 litterarum
679 2268 791 2353 generi
820 2290 879 2354 per
905 2268 980 2355 plus
1007 2289 1104 2354 quam
1134 2267 1256 2333 biennii
1284 2267 1427 2354 spatium
1453 2269 1635 2353 impensam

185 2391 316 2456 operam
348 2392 515 2436 navarem.
564 2371 673 2456 Atque
706 2371 871 2435 metricam
901 2369 1034 2457 quidem
1067 2367 1273 2455 disciplinam
1306 2367 1508 2434 Graecorum
1541 2367 1636 2455 plene

184 2472 327 2558 perspici
344 2492 408 2535 non
423 2493 519 2559 posse
540 2491 774 2556 cognoveram,
796 2470 859 2536 nisi
881 2493 962 2558 quas
978 2472 1068 2536 vices
1091 2470 1150 2536 illa
1170 2471 1342 2552 subiisset,
1365 2477 1518 2534 accurate
1539 2491 1636 2557 quae·

185 2573 282 2637 situm
305 2581 338 2636 et
360 2574 548 2639 distinctum
570 2581 667 2638 esset.
712 2571 789 2652 Qua
803 2573 844 2637 de
858 2593 958 2637 eausa
972 2581 1119 2638 veterum
1142 2580 1310 2658 poetarum
1332 2593 1448 2637 versus
1470 2572 1635 2658 pangendi

186 2675 302 2740 studiis
330 2676 544 2754 examinatis,
574 2673 617 2740 ad
646 2675 829 2740 recentiora
859 2682 1007 2758 tempora
1034 2673 1142 2739 delato
1166 2695 1207 2738 ne
1228 2674 1478 2738 christianorum
1502 2672 1635 2760 quidem

186 2786 296 2842 vatum
319 2784 423 2841 artem
444 2775 682 2862 neglegendam
710 2798 780 2842 esse
808 2775 900 2840 duxi.
945 2774 1058 2854 Quid?
1096 2775 1181 2863 quod
1212 2775 1287 2839 huic
1314 2775 1496 2839 carminum
1523 2775 1637 2860 generi

186 2899 223 2942 eo
245 2879 350 2962 magis
377 2879 521 2952 animum
549 2899 607 2943 nos
635 2879 807 2944 advertere
834 2899 894 2964 par
915 2886 1000 2957 erat,
1028 2877 1114 2964 quod
1142 2876 1305 2940 iudanon
1326 2875 1407 2940 nihil
1429 2875 1570 2942 subsidii
1593 2877 1635 2942 ad

186 2977 397 3044 difficillimas
419 2983 627 3066 quaestiones
648 2982 799 3046 metricas
822 2979 996 3044 solvendas
1019 2976 1275 3044 redundaturum
1291 2977 1515 3064 sperabamus.
1552 2977 1635 3042 Nam

186 3103 290 3168 neque
311 3081 507 3147 christianos
529 3089 622 3146 vates
643 3101 664 3144 a
685 3089 832 3148 veterum
854 3089 1022 3166 poetarum
1050 3090 1120 3145 arte
1142 3079 1238 3166 plane
1261 3079 1439 3146 descivisse
1460 3079 1636 3146 verisimile

186 3192 235 3248 est
262 3192 295 3248 et
322 3184 476 3249 carmina¹
497 3204 623 3265 eorum,
658 3204 722 3270 quo
738 3184 903 3269 'propiora
935 3183 975 3246 iis
1003 3182 1201 3248 carminibus
1229 3182 1308 3259 sint,
1342 3202 1479 3268 quorum
1512 3179 1634 3245 moduli

185 3285 300 3349 musici
328 3286 516 3350 etiamnunc
544 3294 694 3366 exstant,
724 3307 763 3350 eo
790 3284 863 3371 plus
891 3284 966 3349 inde
988 3283 1071 3350 lucis
1093 3284 1239 3371 accipere
1266 3291 1367 3369 patet.
1411 3281 1520 3369 Atque
1543 3283 1634 3348 latini

185 3385 316 3472 quidem
333 3387 446 3474 hymni
465 3396 499 3451 et
516 3387 681 3472 vergentis
700 3387 824 3473 antiqui
839 3394 872 3451 et
884 3386 1067 3452 inchoantis
1084 3387 1183 3452 medii
1200 3387 1273 3451 aevi
1285 3385 1460 3462 Dresselii,
1476 3382 1635 3460 Danielis,

184 3487 303 3568 Monii,
316 3487 444 3566 Wolfii,
468 3486 673 3574 Schuhigeri,
696 3487 834 3554 aliorum
855 3508 917 3574 ope
939 3495 1006 3554 tam
1029 3488 1123 3553 docte
1138 3496 1171 3552 et
1185 3486 1350 3551 subtiliter
1371 3484 1524 3550 illustrati
1546 3492 1633 3566 sunt,

185 3599 221 3654 ut
244 3589 507 3655 doctissimorum
528 3589 688 3656 editorum
710 3592 989 3676 interpretumque
1011 3587 1160 3674 vestigiis
1181 3595 1254 3652 tuto
1271 3587 1420 3652 insistere
1434 3585 1552 3673 possis.
1588 3587 1636 3651 At

185 3692 294 3776 graeei
324 3693 405 3756 adeo
434 3690 541 3756 adhue
568 3690 710 3778 neglecti
736 3691 903 3771 iacebant,
931 3698 969 3755 ut
989 3711 1094 3778 neque
1116 3688 1287 3756 commoda
1308 3688 1497 3776 criticisque
1518 3687 1635 3754 funda·

185 3795 303 3858 mentis
331 3793 445 3858 innixa
480 3793 580 3859 editio
612 3801 801 3880 suppeteret
833 3813 938 3879 neque
967 3792 1008 3858 de
1042 3779 1182 3856 metricis
1210 3789 1468 3879 rhythmicisque
1496 3790 1634 3877 legibus,

185 3895 305 3982 quibus
319 3899 322 3906 '
335 3917 448 3960 versus
481 3917 592 3960 eorum
626 3894 776 3961 adstricti
808 3903 934 3976 essent,
968 3893 1087 3958 certius
1120 3894 1297 3980 quidquam
1330 3902 1504 3959 constaret.
1548 3892 1634 3957 stud.

185 3998 271 4061 enim
298 3996 514 4076 Vormbaum,
553 3997 610 4083 qui
639 3997 673 4060 in
704 3997 853 4061 Danielis
887 3995 1049 4061 Thesauri
1081 3993 1303 4082 hymnologici
1338 3993 1501 4061 volumine
1538 3994 1636 4058 tertio

185 4099 346 4164 delectum
362 4099 541 4164 carminum
556 4098 712 4164 ecelesiae
726 4119 864 4184 graecae
879 4096 995 4178 edidit,
1014 4120 1088 4163 cum
1110 4097 1216 4184 leges,
1238 4119 1319 4183 quas
1334 4106 1450 4183 poetae
1465 4095 1634 4160 christiani

185 4200 219 4264 in
249 4199 399 4266 versibus
432 4199 621 4265 lectitandis
654 4200 757 4266 secuti
790 4209 898 4280 erant,
929 4198 1035 4264 nullas
1064 4197 1302 4285 perspexisset,
1338 4218 1442 4283 neque
1474 4197 1633 4281 bonorum

185 4302 344 4368 librorum
378 4301 500 4367 auxilio
533 4303 567 4366 in
600 4301 743 4388 periodis
776 4301 995 4387 membrisque
1028 4300 1214 4384 digerendis
1248 4296 1378 4374 adiutus
1415 4305 1517 4379 esset,
1551 4298 1633 4362 adeo

184 4403 295 4469 omnia
326 4403 584 4498 susquedeque
617 4403 748 4486 habuit,
780 4412 818 4468 ut
844 4425 886 4468 ne
913 4423 1030 4468 noveru
1063 4399 1143 4464 odas
1177 4399 1325 4485 quidem,
1359 4399 1478 4486 quibus
1512 4397 1632 4483 singuli

152 4533 156 4548 ¹
185 4527 325 4570 canones
347 4514 498 4572 constare
520 4505 643 4589 solent,
666 4515 843 4592 separaret.
880 4503 997 4568 Tantis
1019 4503 1054 4566 in
1076 4500 1180 4567 turbis
1203 4501 1283 4588 quid
1305 4501 1421 4565 mirum
1444 4510 1523 4580 erat,
1545 4500 1633 4587 quod

185 4609 248 4673 viri
264 4606 352 4673 docti
364 4617 468 4673 artem
483 4606 612 4672 illorum
627 4615 797 4694 poetarum
811 4615 849 4670 ut
864 4606 950 4670 omni
965 4603 1269 4689 impedimentorum
1291 4623 1410 4687 genere
1432 4604 1632 4668 obstructam

185 4718 218 4774 et
238 4710 333 4795 quasi
355 4709 517 4797 sepultam
544 4708 694 4795 expediri
714 4729 811 4796 posse
837 4706 1115 4792 desperaverunt?
1159 4704 1242 4770 Mihi
1264 4704 1320 4770 diu
1342 4703 1543 4792 multumque
1564 4725 1632 4768 rem

186 4809 308 4876 frustra
323 4811 464 4877 tentanti
478 4811 610 4877 tandem
626 4809 802 4897 aliquando
818 4801 957 4894 ealigine
972 4806 1131 4894 paulatim
1153 4806 1305 4872 discussa
1326 4807 1405 4872 artis
1426 4807 1633 4886 lineamenta,

1392 4911 1429 4970 a*
