3886 5480
289 397 374 452 cxvr
808 353 811 360 ¹
867 397 1147 454 raomoonnm.

288 542 426 608 aliorum
451 565 547 606 sonos
564 545 757 629 praecipuos
774 544 954 625 (φθόγγουε
971 544 1203 631 δεεπόῑονταε)
1226 567 1298 608 esse
1313 543 1565 630 diligentissime
1586 547 1734 632 magistri

288 646 503 734 praecipiunt.
554 643 618 708 Sed
646 644 726 708 haec
756 643 956 709 enucleanda
985 656 1017 709 et
1045 666 1118 708 curn
1147 645 1286 711 historia
1308 630 1537 733 progressuum
1562 651 1642 713 artis
1664 671 1735 713 rnu-

287 748 376 812 sicae
398 746 626 830 coniungenda
648 744 720 810 aliis
743 746 1020 832 peritioribusque
1048 747 1129 811 viris
1157 748 1319 834 relinquo;
1341 750 1413 835 ipse
1435 751 1469 813 in
1492 771 1530 813 eo
1553 752 1735 838 acquiesco,

285 859 322 913 ut
344 851 431 913 viam
453 847 526 912 aliis
550 857 751 912 monstrasse
775 847 898 912 videar.

425 1067 491 1150 nn
514 1044 777 1134 canusinus
800 1067 859 1131 nr
883 1069 1039 1134 scnms
1061 1069 1264 1136 nusroan
1287 1070 1596 1137 nrzaurmas.

371 1221 417 1286 Ut
440 1235 567 1287 veteres
589 1224 764 1308 scriptores
794 1223 909 1286 musici
938 1223 1003 1287 tria
1030 1209 1151 1307 genera
1180 1225 1324 1290 musicae
1355 1227 1437 1305 (τρία
1464 1227 1543 1305 γένη
1571 1229 1733 1308 μουεικῆε)

285 1347 357 1389 esse
379 1334 578 1405 statuerant¹
607 1324 654 1387 ita
676 1325 872 1389 recentiores
901 1325 1028 1411 quoque
1050 1326 1199 1409 magistri
1227 1327 1323 1401 γένος
1351 1330 1550 1408 διατονικὸν,
1578 1348 1734 1408 χρωματι-

284 1428 361 1504 κὸν,
394 1427 589 1506 ἐναρμόνιον
617 1425 854 1508 distinxemnt3
888 1426 948 1490 sed
981 1436 1113 1512 praeter
1140 1425 1274 1491 nomina
1301 1426 1384 1492 nihil
1411 1429 1478 1491 fere
1506 1428 1673 1493 veteribus
1703 1439 1735 1492 et

283 1529 471 1615 byzantinis
493 1527 669 1612 generibus
692 1529 837 1592 musicae
858 1549 1027 1592 commune
1042 1538 1110 1609 est,
1133 1537 1165 1591 et
1178 1537 1215 1591 ut
1237 1527 1270 1591 in
1286 1530 1397 1594 multis
1412 1530 1486 1594 aliis
1500 1529 1649 1616 partibus
1665 1552 1735 1593 mu-

284 1630 372 1695 sicae
395 1628 604 1715 disciplinae‚
628 1629 676 1692 sio
698 1630 733 1692 in
747 1627 809 1692 hac
823 1649 951 1715 quoque
971 1651 1007 1705 re
1022 1629 1219 1694 recentiores
1243 1631 1434 1716 scriptores,
1458 1629 1545 1716 quod
1568 1631 1734 1696 veteribus

283 1730 468 1795 nominibus
491 1751 570 1795 snae
600 1731 680 1795 artis
710 1729 900 1794 discrimina
925 1730 1101 1811 notabant,
1124 1731 1266 1815 speciem
1289 1730 1458 1798 doetrinae
1478 1754 1517 1798 ao
1540 1732 1732 1798 emditionis

284 1842 436 1920 captasse
458 1842 491 1897 et
512 1833 638 1918 patriae
662 1831 772 1895 decori
795 1831 997 1896 consuluisse
1020 1831 1179 1897 videntur.
1223 1831 1303 1896 Tria
1324 1833 1426 1918 igitur
1446 1855 1569 1918 genera
1589 1837 1733 1900 musicae

284 1938 331 2000 ita
360 1935 446 1998 inter
473 1956 508 1998 se
536 1932 705 2012 diffamat,
728 1943 764 1996 ut
779 1930 868 1996 aliud
884 1931 949 1996 alia
965 1931 1053 1997 scala
1068 1943 1189 1998 utatur.
1234 1935 1344 2020 Atque
1357 1945 1393 1999 ut
1407 1957 1426 1998 a
1441 1937 1597 2023 primario
1613 1957 1732 2022 genere

283 2037 450 2102 diatonico
466 2034 629 2118 exordiar,
645 2033 727 2098 hano
750 2034 819 2096 eius
843 2035 963 2098 scalam
987 2056 1060 2098 esse
1082 2035 1214 2101 docent:

803 2147 824 2184 ἓ

717 2175 1334 2267 ἓέἒενέξὲ

725 2308 1324 2393 191711211219171121

705 2432 1282 2498 renaer-aed1m2:l*tae'>aet=e
1372 2455 1376 2460 ’

283 2567 366 2634 quae
389 2544 523 2632 quidem
546 2543 635 2608 scala
658 2566 753 2610 sonos
776 2550 901 2614 medios
925 2549 1016 2614 vocis
1039 2549 1215 2630 humanae,
1238 2549 1311 2612 sive
1332 2555 1463 2612 nostrae
1486 2544 1595 2610 scalae
1617 2535 1731 2608 d—-d

285 2645 520 2733 complectitur.
565 2645 635 2710 Hos
663 2668 759 2713 sonos
787 2671 859 2714 oum
890 2649 1039 2716 obscuris
1067 2648 1254 2715 nominibus
1283 2647 1359 2714 olim
1381 2646 1607 2714 nominassent
1629 2645 1730 2731 (conf.
1833 2653 1836 2658 '

283 2749 524 2835 Chrysanthum
546 2747 568 2812 l.
593 2746 614 2812 l.
637 2771 669 2836 p.
687 2749 779 2834 107),
803 2761 952 2824 auctores
974 2751 1051 2815 novi
1080 2753 1267 2837 systematis
1288 2750 1369 2814 artis
1391 2749 1535 2814 musicae
1559 2750 1731 2830 Γρηγόριοε

282 2851 539 2934 πρωτοψὰλτηε,
570 2851 753 2930 Χρύεανθο(
780 2854 944 2935 Προύεηε,
980 2853 1197 2933 Χουομούζιοε
1225 2851 1433 2934 χορτοφύλοξ
1461 2859 1587 2937 septem
1614 2849 1730 2938 primis

281 2953 385 3017 literis
407 2949 574 3038 alphabeti
601 2951 648 3015 ita
669 2952 892 3040 appellamnt,
916 2966 952 3020 ut
975 2954 1144 3020 vocalibus
1161 2964 1390 3019 consonantem
1405 2950 1632 3038 praefigerent,
1654 2974 1730 3017 con·

284 3054 477 3118 sonantibus
500 3050 648 3117 vocalem
672 3054 908 3140 subiungerent
929 3057 964 3118 in
986 3056 1069 3120 bunc
1092 3055 1239 3121 modum:

636 3175 686 3238 πΑ
730 3176 794 3239 Βου
839 3175 880 3239 Γα
922 3178 965 3240 Δι
1009 3176 1049 3240 κΕ
1092 3176 1148 3240 Zur
1191 3177 1249 3241 νΗ.

281 3291 391 3376 Atque
413 3288 464 3353 his
488 3288 620 3375 quidem
643 3290 830 3356 nominibus
852 3301 965 3357 nostra
987 3294 1143 3356 memoria
1165 3291 1285 3356 melodi
1308 3302 1340 3357 et
1356 3292 1503 3376 magistri
1518 3291 1618 3376 vulgo
1634 3299 1728 3356 utun·

188 3455 192 3460 .
281 3403 344 3456 tur.
388 3389 522 3456 Manuel
548 3401 657 3456 autem
686 3391 889 3478 Bryennius,
916 3395 973 3480 qui
1002 3392 1272 3480 quartodecimo
1301 3392 1429 3458 saeculo
1457 3391 1729 3457 Harmonicorum

281 3494 383 3560 libros
400 3503 465 3558 tres
482 3492 609 3558 doctius
625 3515 725 3581 qnam
741 3494 855 3560 scitius
871 3496 1079 3584 conscripsit,
1103 3515 1177 3585 cum
1199 3493 1368 3559 doctrinae
1389 3496 1530 3581 speciem
1552 3493 1728 3571 affectaret,

279 3595 467 3660 nominibus
501 3594 666 3659 veteribus
701 3605 733 3659 et
755 3595 932 3661 Ptolemaei
962 3605 1139 3683 systemate
1169 3594 1530 3684 pentekaidekaohordi
1559 3616 1634 3660 usus
1668 3605 1728 3660 est.

282 3697 396 3781 Neque
418 3703 532 3759 auctor
554 3695 725 3761 affectatae
747 3696 842 3761 huius
865 3698 1034 3762 doctrinae
1056 3697 1111 3762 ille
1126 3698 1295 3763 exstitisse
1310 3697 1442 3762 videtur
1448 3744 1457 3779 ,
1481 3695 1642 3782 siqnidem
1664 3697 1730 3759 iam

283 3809 357 3859 ante
379 3817 453 3859 eum
475 3794 570 3860 latini
592 3798 767 3883 scriptores
795 3799 982 3864 nominibus
1004 3799 1102 3863 alieni
1130 3800 1319 3885 systematis
1345 3798 1430 3862 male
1456 3795 1614 3862 intellecti
1636 3819 1728 3884 prae-

281 3907 376 3983 cepta
398 3895 439 3960 de
454 3905 525 3960 arte
540 3899 665 3963 musica
680 3900 784 3984 magis
807 3899 1064 3966 obscuraverunt
1085 3922 1183 3987 quam
1205 3899 1469 3982 illustravemnt3
1493 3899 1606 3964 confer
1620 3898 1728 3964 West·

279 3997 355 4084 pbal
384 3997 507 4062 Metrik
536 3998 596 4062 der
623 3999 786 4064 Griechen
813 4001 847 4085 I,
875 4003 938 4066 269
966 4013 999 4066 et
1024 4002 1196 4067 310-320
1229 4013 1261 4067 et
1292 3995 1596 4068 commentationem
1624 4021 1729 4065 meam

279 4099 400 4166 ‘Ueber
423 4099 477 4165 die
500 4099 683 4166 Harmonik
707 4101 765 4166 des
780 4101 914 4166 Manuel
936 4103 1122 4190 Bryennius
1145 4104 1212 4168 und
1232 4103 1291 4168 das
1307 4103 1437 4191 System
1460 4103 1519 4168 der
1541 4101 1728 4187 byzantini-

281 4199 380 4265 scben
396 4201 519 4266 Musik’
543 4203 578 4266 in
600 4202 757 4290 Beitrage
779 4205 812 4270 S.
828 4206 965 4270 35-60.

364 4302 499 4369 Praeter
514 4303 593 4370 haeo
609 4316 716 4370 antem
732 4308 863 4371 nomina
879 4307 972 4371 lineis
990 4305 1096 4370 scalae
1119 4307 1305 4373 diatonicas
1320 4329 1419 4394 supra
1434 4307 1617 4393 descriptae
1631 4315 1729 4370 notae

279 4402 449 4491 quaedam,
458 4427 539 4491 quas
546 4408 718 4487 μαρτυρία(
727 4409 836 4492 graeei
849 4409 996 4492 magistri
1009 4419 1138 4488 vocant,
1148 4407 1628 4495 exadversaparteadscriptae
1640 4419 1728 4473 sunt.

279 4505 404 4570 Harum
426 4516 574 4572 notamm
597 4529 812 4596 unaquaeque
835 4530 875 4573 ex
891 4507 1018 4572 duabus
1041 4510 1189 4595 partibus
1204 4519 1348 4592 constat,
1371 4531 1506 4597 quarum
1527 4507 1728 4596 superiorem

278 4608 390 4694 prima,
419 4629 547 4694 quaque
575 4607 669 4673 litera
696 4611 863 4675 nominum
902 4631 1052 4676 sonomm
1088 4611 1176 4676 ellici
1211 4620 1317 4698 patet,
1347 4611 1533 4676 inferiorem
1560 4610 1604 4674 ad
1631 4632 1728 4676 sonos

279 4707 474 4796 principales
503 4719 577 4775 octo
603 4719 752 4776 tonorum
778 4713 984 4778 referendam
1012 4734 1083 4777 esse
1112 4714 1145 4776 in
1174 4715 1443 4778 commentatione
1471 4711 1567 4779 modo
1595 4711 1729 4778 laudata

278 4830 310 4895 p.
333 4809 376 4873 59
397 4810 631 4875 demonstravi.
675 4813 759 4876 Nam
788 4815 911 4898 primae
931 4815 1107 4900 martyriae
1129 4815 1265 4879 inferior
1286 4837 1361 4902 pars
1383 4815 1450 4880 toni
1474 4815 1572 4900 primi
1594 4823 1627 4878 et
1648 4814 1728 4880 recti
