<?xml version="1.0" encoding="UTF-8"?>
<!DOCTYPE html PUBLIC "-//W3C//DTD XHTML 1.0 Transitional//EN"
    "http://www.w3.org/TR/xhtml1/DTD/xhtml1-transitional.dtd">
<html xmlns="http://www.w3.org/1999/xhtml" xml:lang="en" lang="en">
 <head>
  <title>
</title>
<meta http-equiv="Content-Type" content="text/html;charset=utf-8" />
  <meta name='ocr-system' content='tesseract 3.04.00' />
  <meta name='ocr-capabilities' content='ocr_page ocr_carea ocr_par ocr_line ocrx_word'/>
</head>
<body>
  <div class='ocr_page' id='page_1' title='image "anthologiagraec00chrigoog_0122.png"; bbox 0 0 3886 5480; ppageno 0'>
   <div class='ocr_carea' id='block_1_1' title="bbox 581 382 1649 443">
    <p class='ocr_par' dir='ltr' id='par_1_1' title="bbox 581 382 1649 443">
     <span class='ocr_line' id='line_1_1' title="bbox 581 382 1649 443; baseline -0.002 -3"><span class='ocrx_word' id='word_1_1' title='bbox 581 387 647 443; x_wconf 86' lang='lat' dir='ltr'><strong>LIB.</strong></span> <span class='ocrx_word' id='word_1_2' title='bbox 662 385 709 441; x_wconf 89' lang='lat' dir='ltr'>lV.</span> <span class='ocrx_word' id='word_1_3' title='bbox 737 387 785 442; x_wconf 82' lang='lat' dir='ltr'>DE</span> <span class='ocrx_word' id='word_1_4' title='bbox 801 385 896 442; x_wconf 75' lang='lat' dir='ltr'>sss&#39;rn</span> <span class='ocrx_word' id='word_1_5' title='bbox 912 385 1048 443; x_wconf 85' lang='lat' dir='ltr'>MUSIGA</span> <span class='ocrx_word' id='word_1_6' title='bbox 1062 382 1282 442; x_wconf 76' lang='lat' dir='ltr'>BYZAN&#39;I&#39;INA.</span> <span class='ocrx_word' id='word_1_7' title='bbox 1552 384 1649 438; x_wconf 81' lang='lat' dir='ltr'>CXVII</span> 
     </span>
    </p>
   </div>
   <div class='ocr_carea' id='block_1_2' title="bbox 201 529 1650 1225">
    <p class='ocr_par' dir='ltr' id='par_1_2' title="bbox 201 529 1650 1225">
     <span class='ocr_line' id='line_1_2' title="bbox 205 529 1650 620; baseline -0.003 -22"><span class='ocrx_word' id='word_1_8' title='bbox 205 545 237 598; x_wconf 89' lang='lat' dir='ltr'>et</span> <span class='ocrx_word' id='word_1_9' title='bbox 266 532 383 620; x_wconf 86' lang='lat' dir='ltr'>plagii,</span> <span class='ocrx_word' id='word_1_10' title='bbox 414 531 577 597; x_wconf 89' lang='lat' dir='ltr'>secundae</span> <span class='ocrx_word' id='word_1_11' title='bbox 603 532 673 598; x_wconf 90' lang='lat' dir='ltr'>toni</span> <span class='ocrx_word' id='word_1_12' title='bbox 700 529 814 616; x_wconf 80' lang='lat' dir='ltr'>legati,</span> <span class='ocrx_word' id='word_1_13' title='bbox 848 533 963 598; x_wconf 81' lang='lat' dir='ltr'>tertiae</span> <span class='ocrx_word' id='word_1_14' title='bbox 990 533 1059 598; x_wconf 89' lang='lat' dir='ltr'>toni</span> <span class='ocrx_word' id='word_1_15' title='bbox 1087 532 1191 610; x_wconf 90' lang='lat' dir='ltr'>tertii,</span> <span class='ocrx_word' id='word_1_16' title='bbox 1226 540 1361 616; x_wconf 80' lang='lat' dir='ltr'>quartae</span> <span class='ocrx_word' id='word_1_17' title='bbox 1388 530 1458 594; x_wconf 92' lang='lat' dir='ltr'>toni</span> <span class='ocrx_word' id='word_1_18' title='bbox 1487 531 1594 616; x_wconf 86' lang='lat' dir='ltr'>quarti</span> <span class='ocrx_word' id='word_1_19' title='bbox 1619 539 1650 594; x_wconf 88' lang='lat' dir='ltr'>ct</span> 
     </span>
     <span class='ocr_line' id='line_1_3' title="bbox 204 630 1649 722; baseline -0.003 -24"><span class='ocrx_word' id='word_1_20' title='bbox 204 636 285 699; x_wconf 84' lang='lat' dir='ltr'>recti</span> <span class='ocrx_word' id='word_1_21' title='bbox 308 645 341 698; x_wconf 89' lang='lat' dir='ltr'>et</span> <span class='ocrx_word' id='word_1_22' title='bbox 362 633 465 722; x_wconf 86' lang='lat' dir='ltr'>plagii</span> <span class='ocrx_word' id='word_1_23' title='bbox 487 655 603 698; x_wconf 91' lang='lat' dir='ltr'>sonum</span> <span class='ocrx_word' id='word_1_24' title='bbox 626 631 754 698; x_wconf 87' lang='lat' dir='ltr'>finalem</span> <span class='ocrx_word' id='word_1_25' title='bbox 784 633 887 698; x_wconf 87' lang='lat' dir='ltr'>literis</span> <span class='ocrx_word' id='word_1_26' title='bbox 916 635 1036 698; x_wconf 87' lang='lat' dir='ltr'>veteris</span> <span class='ocrx_word' id='word_1_27' title='bbox 1060 634 1240 720; x_wconf 79' lang='lat' dir='ltr'>scripturae</span> <span class='ocrx_word' id='word_1_28' title='bbox 1267 631 1403 696; x_wconf 85' lang='lat' dir='ltr'>indicat.</span> <span class='ocrx_word' id='word_1_29' title='bbox 1447 630 1517 694; x_wconf 91' lang='lat' dir='ltr'>Has</span> <span class='ocrx_word' id='word_1_30' title='bbox 1540 639 1649 696; x_wconf 89' lang='lat' dir='ltr'>autem</span> 
     </span>
     <span class='ocr_line' id='line_1_4' title="bbox 204 731 1648 822; baseline -0.001 -22"><span class='ocrx_word' id='word_1_31' title='bbox 204 748 299 801; x_wconf 88' lang='lat' dir='ltr'>notas</span> <span class='ocrx_word' id='word_1_32' title='bbox 323 737 494 817; x_wconf 79' lang='grc' dir='ltr'>μαρτυρίαι</span> <span class='ocrx_word' id='word_1_33' title='bbox 517 734 644 814; x_wconf 90' lang='lat' dir='ltr'>dicunt,</span> <span class='ocrx_word' id='word_1_34' title='bbox 668 737 754 822; x_wconf 92' lang='lat' dir='ltr'>quod</span> <span class='ocrx_word' id='word_1_35' title='bbox 778 736 812 799; x_wconf 91' lang='lat' dir='ltr'>in</span> <span class='ocrx_word' id='word_1_36' title='bbox 835 733 927 800; x_wconf 89' lang='lat' dir='ltr'>libris</span> <span class='ocrx_word' id='word_1_37' title='bbox 950 734 1163 800; x_wconf 87' lang='lat' dir='ltr'>melodiarum</span> <span class='ocrx_word' id='word_1_38' title='bbox 1186 743 1218 807; x_wconf 84' lang='lat' dir='ltr'>et</span> <span class='ocrx_word' id='word_1_39' title='bbox 1240 733 1487 820; x_wconf 89' lang='lat' dir='ltr'>manuscriptis</span> <span class='ocrx_word' id='word_1_40' title='bbox 1510 741 1543 797; x_wconf 91' lang='lat' dir='ltr'>et</span> <span class='ocrx_word' id='word_1_41' title='bbox 1558 731 1648 818; x_wconf 91' lang='lat' dir='ltr'>prelo</span> 
     </span>
     <span class='ocr_line' id='line_1_5' title="bbox 203 833 1649 926; baseline -0.003 -24"><span class='ocrx_word' id='word_1_42' title='bbox 203 838 334 904; x_wconf 84' lang='lat' dir='ltr'>excusis</span> <span class='ocrx_word' id='word_1_43' title='bbox 356 835 496 921; x_wconf 87' lang='lat' dir='ltr'>singulis</span> <span class='ocrx_word' id='word_1_44' title='bbox 519 835 672 900; x_wconf 87' lang='lat' dir='ltr'>versibus</span> <span class='ocrx_word' id='word_1_45' title='bbox 695 836 901 924; x_wconf 87' lang='lat' dir='ltr'>periodisque</span> <span class='ocrx_word' id='word_1_46' title='bbox 923 837 1190 926; x_wconf 85' lang='lat' dir='ltr'>interponuntur,</span> <span class='ocrx_word' id='word_1_47' title='bbox 1213 845 1251 900; x_wconf 88' lang='lat' dir='ltr'>nt</span> <span class='ocrx_word' id='word_1_48' title='bbox 1264 833 1405 900; x_wconf 77' lang='lat' dir='ltr'>altitudo</span> <span class='ocrx_word' id='word_1_49' title='bbox 1420 833 1510 898; x_wconf 86' lang='lat' dir='ltr'>vocis</span> <span class='ocrx_word' id='word_1_50' title='bbox 1534 843 1566 898; x_wconf 90' lang='lat' dir='ltr'>et</span> <span class='ocrx_word' id='word_1_51' title='bbox 1581 836 1649 900; x_wconf 89' lang='lat' dir='ltr'>toni</span> 
     </span>
     <span class='ocr_line' id='line_1_6' title="bbox 201 935 1649 1019; baseline -0.002 -16"><span class='ocrx_word' id='word_1_52' title='bbox 201 939 379 1005; x_wconf 88' lang='lat' dir='ltr'>modulatio</span> <span class='ocrx_word' id='word_1_53' title='bbox 403 938 577 1003; x_wconf 88' lang='lat' dir='ltr'>definiatur</span> <span class='ocrx_word' id='word_1_54' title='bbox 599 945 631 1002; x_wconf 91' lang='lat' dir='ltr'>et</span> <span class='ocrx_word' id='word_1_55' title='bbox 654 936 870 1002; x_wconf 84' lang='lat' dir='ltr'>confirmetur.</span> <span class='ocrx_word' id='word_1_56' title='bbox 915 937 1037 1003; x_wconf 91' lang='lat' dir='ltr'>lisdem</span> <span class='ocrx_word' id='word_1_57' title='bbox 1060 959 1139 1002; x_wconf 89' lang='lat' dir='ltr'>vero</span> <span class='ocrx_word' id='word_1_58' title='bbox 1153 939 1255 1019; x_wconf 87' lang='lat' dir='ltr'>notis,</span> <span class='ocrx_word' id='word_1_59' title='bbox 1278 935 1374 1002; x_wconf 90' lang='lat' dir='ltr'>modo</span> <span class='ocrx_word' id='word_1_60' title='bbox 1396 945 1531 1000; x_wconf 89' lang='lat' dir='ltr'>accentu</span> <span class='ocrx_word' id='word_1_61' title='bbox 1553 947 1649 1002; x_wconf 93' lang='lat' dir='ltr'>acuto</span> 
     </span>
     <span class='ocr_line' id='line_1_7' title="bbox 202 1034 1649 1153; baseline -0.001 -49"><span class='ocrx_word' id='word_1_62' title='bbox 202 1042 321 1121; x_wconf 88' lang='lat' dir='ltr'>auctis,</span> <span class='ocrx_word' id='word_1_63' title='bbox 358 1040 496 1106; x_wconf 89' lang='lat' dir='ltr'>modo</span> <span class='ocrx_word' id='word_1_64' title='bbox 487 1060 618 1104; x_wconf 80' lang='lat' dir='ltr'>inverso</span> <span class='ocrx_word' id='word_1_65' title='bbox 651 1037 765 1104; x_wconf 91' lang='lat' dir='ltr'>ordine</span> <span class='ocrx_word' id='word_1_66' title='bbox 798 1039 946 1125; x_wconf 86' lang='lat' dir='ltr'>scriptis,</span> <span class='ocrx_word' id='word_1_67' title='bbox 980 1050 1116 1105; x_wconf 91' lang='lat' dir='ltr'>utuntur</span> <span class='ocrx_word' id='word_1_68' title='bbox 1148 1039 1191 1104; x_wconf 92' lang='lat' dir='ltr'>ad</span> <span class='ocrx_word' id='word_1_69' title='bbox 1224 1037 1387 1153; x_wconf 88' lang='lat' dir='ltr'>duplicem</span> <span class='ocrx_word' id='word_1_70' title='bbox 1424 1034 1544 1102; x_wconf 89' lang='lat' dir='ltr'>scalam</span> <span class='ocrx_word' id='word_1_71' title='bbox 1577 1038 1649 1104; x_wconf 88' lang='lat' dir='ltr'>sive</span> 
     </span>
     <span class='ocr_line' id='line_1_8' title="bbox 201 1139 1106 1225; baseline -0.001 -18"><span class='ocrx_word' id='word_1_72' title='bbox 201 1143 338 1223; x_wconf 76' lang='grc' dir='ltr'>ιύιτημα</span> <span class='ocrx_word' id='word_1_73' title='bbox 360 1141 407 1209; x_wconf 76' lang='lat' dir='ltr'>tlt</span> <span class='ocrx_word' id='word_1_74' title='bbox 430 1143 483 1208; x_wconf 85' lang='grc' dir='ltr'>διὰ</span> <span class='ocrx_word' id='word_1_75' title='bbox 504 1144 616 1207; x_wconf 74' lang='grc' dir='ltr'>παιῶν</span> <span class='ocrx_word' id='word_1_76' title='bbox 639 1140 888 1225; x_wconf 86' lang='lat' dir='ltr'>significandum</span> <span class='ocrx_word' id='word_1_77' title='bbox 910 1141 971 1206; x_wconf 90' lang='lat' dir='ltr'>hoc</span> <span class='ocrx_word' id='word_1_78' title='bbox 994 1139 1106 1206; x_wconf 90' lang='lat' dir='ltr'>modo.</span> 
     </span>
    </p>
   </div>
   <div class='ocr_carea' id='block_1_3' title="bbox 336 1269 1130 1396">
    <p class='ocr_par' dir='ltr' id='par_1_3' title="bbox 336 1269 1130 1396">
     <span class='ocr_line' id='line_1_9' title="bbox 336 1269 1130 1396; baseline 0 0"><span class='ocrx_word' id='word_1_79' title='bbox 336 1269 1130 1396; x_wconf 50' lang='grc' dir='ltr'>ὅψὲιξὲἐῗ-ὂῗῖἓι</span> 
     </span>
    </p>
   </div>
   <div class='ocr_carea' id='block_1_4' title="bbox 352 1435 1375 1524">
    <p class='ocr_par' dir='ltr' id='par_1_4' title="bbox 352 1435 1375 1524">
     <span class='ocr_line' id='line_1_10' title="bbox 352 1435 1375 1524; baseline -0.014 0"><span class='ocrx_word' id='word_1_80' title='bbox 352 1435 1120 1524; x_wconf 87' lang='lat' dir='ltr'>llllllllll</span> <span class='ocrx_word' id='word_1_81' title='bbox 1369 1439 1375 1510; x_wconf 93' lang='lat' dir='ltr'>l</span> 
     </span>
    </p>
   </div>
   <div class='ocr_carea' id='block_1_5' title="bbox 300 1553 1529 1642">
    <p class='ocr_par' dir='ltr' id='par_1_5' title="bbox 300 1553 1529 1642">
     <span class='ocr_line' id='line_1_11' title="bbox 300 1553 1529 1642; baseline 0.002 -8"><span class='ocrx_word' id='word_1_82' title='bbox 300 1584 368 1635; x_wconf 61' lang='lat' dir='ltr'>a&lt;</span> <span class='ocrx_word' id='word_1_83' title='bbox 393 1553 605 1640; x_wconf 55' lang='lat' dir='ltr'>celuim</span> <span class='ocrx_word' id='word_1_84' title='bbox 629 1599 647 1641; x_wconf 84' lang='lat' dir='ltr'>l=</span> <span class='ocrx_word' id='word_1_85' title='bbox 670 1611 693 1641; x_wconf 71' lang='grc' dir='ltr'>ε·</span> <span class='ocrx_word' id='word_1_86' title='bbox 721 1571 924 1642; x_wconf 54' lang='grc' dir='ltr'>κιαι-ΝΕ-</span> <span class='ocrx_word' id='word_1_87' title='bbox 934 1603 1007 1642; x_wconf 64' lang='lat'>»08</span> <span class='ocrx_word' id='word_1_88' title='bbox 1018 1563 1232 1640; x_wconf 61' lang='grc' dir='ltr'>σΝκΙ-ωβ</span> <span class='ocrx_word' id='word_1_89' title='bbox 1255 1609 1278 1638; x_wconf 68' lang='lat' dir='ltr'>a·</span> <span class='ocrx_word' id='word_1_90' title='bbox 1309 1568 1529 1638; x_wconf 44' lang='lat' dir='ltr'>‘neelfiam</span> 
     </span>
    </p>
   </div>
   <div class='ocr_carea' id='block_1_6' title="bbox 1192 1299 1299 1393">
    <p class='ocr_par' dir='ltr' id='par_1_6' title="bbox 1192 1299 1299 1393">
     <span class='ocr_line' id='line_1_12' title="bbox 1192 1299 1299 1393; baseline -0.009 0"><span class='ocrx_word' id='word_1_91' title='bbox 1192 1299 1299 1393; x_wconf 73' lang='lat' dir='ltr'>ss</span> 
     </span>
    </p>
   </div>
   <div class='ocr_carea' id='block_1_7' title="bbox 197 1718 1648 2013">
    <p class='ocr_par' dir='ltr' id='par_1_7' title="bbox 197 1718 1648 2013">
     <span class='ocr_line' id='line_1_13' title="bbox 287 1718 1648 1808; baseline 0.003 -26"><span class='ocrx_word' id='word_1_92' title='bbox 287 1718 358 1784; x_wconf 90' lang='lat' dir='ltr'>Hoc</span> <span class='ocrx_word' id='word_1_93' title='bbox 380 1732 488 1788; x_wconf 89' lang='lat' dir='ltr'>autem</span> <span class='ocrx_word' id='word_1_94' title='bbox 522 1726 557 1788; x_wconf 93' lang='lat' dir='ltr'>in</span> <span class='ocrx_word' id='word_1_95' title='bbox 590 1724 755 1790; x_wconf 89' lang='lat' dir='ltr'>schemate</span> <span class='ocrx_word' id='word_1_96' title='bbox 790 1736 885 1790; x_wconf 90' lang='lat' dir='ltr'>acuto</span> <span class='ocrx_word' id='word_1_97' title='bbox 919 1734 1054 1792; x_wconf 91' lang='lat' dir='ltr'>accentu</span> <span class='ocrx_word' id='word_1_98' title='bbox 1090 1734 1184 1790; x_wconf 89' lang='lat' dir='ltr'>notas</span> <span class='ocrx_word' id='word_1_99' title='bbox 1221 1733 1358 1808; x_wconf 84' lang='lat' dir='ltr'>augent,</span> <span class='ocrx_word' id='word_1_100' title='bbox 1388 1732 1425 1787; x_wconf 92' lang='lat' dir='ltr'>ut</span> <span class='ocrx_word' id='word_1_101' title='bbox 1446 1721 1529 1788; x_wconf 90' lang='lat' dir='ltr'>altos</span> <span class='ocrx_word' id='word_1_102' title='bbox 1552 1743 1648 1786; x_wconf 89' lang='lat' dir='ltr'>sonos</span> 
     </span>
     <span class='ocr_line' id='line_1_14' title="bbox 197 1822 1647 1915; baseline 0.004 -33"><span class='ocrx_word' id='word_1_103' title='bbox 197 1841 217 1881; x_wconf 91' lang='lat' dir='ltr'>a</span> <span class='ocrx_word' id='word_1_104' title='bbox 238 1822 396 1904; x_wconf 84' lang='lat' dir='ltr'>gravibus</span> <span class='ocrx_word' id='word_1_105' title='bbox 420 1823 638 1911; x_wconf 85' lang='lat' dir='ltr'>distinguant,</span> <span class='ocrx_word' id='word_1_106' title='bbox 662 1835 695 1891; x_wconf 92' lang='lat' dir='ltr'>et</span> <span class='ocrx_word' id='word_1_107' title='bbox 715 1825 835 1891; x_wconf 89' lang='lat' dir='ltr'>scalam</span> <span class='ocrx_word' id='word_1_108' title='bbox 850 1825 1063 1915; x_wconf 84' lang='lat' dir='ltr'>principalem</span> <span class='ocrx_word' id='word_1_109' title='bbox 1084 1827 1171 1891; x_wconf 91' lang='lat' dir='ltr'>inter</span> <span class='ocrx_word' id='word_1_110' title='bbox 1185 1827 1369 1910; x_wconf 85' lang='lat' dir='ltr'>graviorem</span> <span class='ocrx_word' id='word_1_111' title='bbox 1384 1846 1499 1890; x_wconf 89' lang='lat' dir='ltr'>sonum</span> <span class='ocrx_word' id='word_1_112' title='bbox 1515 1832 1558 1892; x_wconf 86' lang='grc' dir='ltr'>ζω</span> <span class='ocrx_word' id='word_1_113' title='bbox 1573 1824 1647 1889; x_wconf 87' lang='lat' dir='ltr'>sive</span> 
     </span>
     <span class='ocr_line' id='line_1_15' title="bbox 198 1923 1648 2013; baseline 0.004 -29"><span class='ocrx_word' id='word_1_114' title='bbox 198 1931 342 1986; x_wconf 89' lang='lat' dir='ltr'>nostrum</span> <span class='ocrx_word' id='word_1_115' title='bbox 360 1923 392 1988; x_wconf 89' lang='lat' dir='ltr'><strong>H</strong></span> <span class='ocrx_word' id='word_1_116' title='bbox 407 1935 439 1990; x_wconf 90' lang='lat' dir='ltr'>et</span> <span class='ocrx_word' id='word_1_117' title='bbox 452 1924 601 1992; x_wconf 87' lang='lat' dir='ltr'>altiorem</span> <span class='ocrx_word' id='word_1_118' title='bbox 615 1935 660 1996; x_wconf 84' lang='grc' dir='ltr'>Ζω</span> <span class='ocrx_word' id='word_1_119' title='bbox 676 1928 747 1991; x_wconf 90' lang='lat' dir='ltr'>sive</span> <span class='ocrx_word' id='word_1_120' title='bbox 768 1938 917 1994; x_wconf 90' lang='lat' dir='ltr'>nostrum</span> <span class='ocrx_word' id='word_1_121' title='bbox 932 1928 954 1994; x_wconf 90' lang='lat' dir='ltr'>h</span> <span class='ocrx_word' id='word_1_122' title='bbox 969 1928 1128 1994; x_wconf 87' lang='lat' dir='ltr'>contineri</span> <span class='ocrx_word' id='word_1_123' title='bbox 1151 1937 1308 2009; x_wconf 87' lang='lat' dir='ltr'>statuunt,</span> <span class='ocrx_word' id='word_1_124' title='bbox 1331 1927 1417 2013; x_wconf 92' lang='lat' dir='ltr'>quod</span> <span class='ocrx_word' id='word_1_125' title='bbox 1439 1925 1556 1992; x_wconf 88' lang='lat' dir='ltr'>horum</span> <span class='ocrx_word' id='word_1_126' title='bbox 1576 1936 1648 1990; x_wconf 91' lang='lat' dir='ltr'>octo</span> 
     </span>
    </p>
   </div>
   <div class='ocr_carea' id='block_1_8' title="bbox 198 2027 1648 2184">
    <p class='ocr_par' dir='ltr' id='par_1_8' title="bbox 198 2027 1648 2184">
     <span class='ocr_line' id='line_1_16' title="bbox 198 2027 1648 2114; baseline 0.005 -29"><span class='ocrx_word' id='word_1_127' title='bbox 198 2043 349 2087; x_wconf 88' lang='lat' dir='ltr'>sonorum</span> <span class='ocrx_word' id='word_1_128' title='bbox 363 2028 507 2093; x_wconf 85' lang='lat' dir='ltr'>terminis</span> <span class='ocrx_word' id='word_1_129' title='bbox 519 2029 678 2094; x_wconf 85' lang='lat' dir='ltr'>melodiae</span> <span class='ocrx_word' id='word_1_130' title='bbox 690 2039 762 2095; x_wconf 91' lang='lat' dir='ltr'>octo</span> <span class='ocrx_word' id='word_1_131' title='bbox 780 2041 928 2097; x_wconf 89' lang='lat' dir='ltr'>tonorum</span> <span class='ocrx_word' id='word_1_132' title='bbox 944 2030 1012 2094; x_wconf 82' lang='lat' dir='ltr'>sere</span> <span class='ocrx_word' id='word_1_133' title='bbox 1027 2028 1249 2096; x_wconf 91' lang='lat' dir='ltr'>includuntur.</span> <span class='ocrx_word' id='word_1_134' title='bbox 1273 2028 1317 2093; x_wconf 89' lang='lat' dir='ltr'>lis</span> <span class='ocrx_word' id='word_1_135' title='bbox 1333 2037 1457 2112; x_wconf 85' lang='lat' dir='ltr'>autem,</span> <span class='ocrx_word' id='word_1_136' title='bbox 1479 2049 1561 2114; x_wconf 85' lang='lat' dir='ltr'>quae</span> <span class='ocrx_word' id='word_1_137' title='bbox 1583 2027 1648 2092; x_wconf 90' lang='lat' dir='ltr'>iam</span> 
     </span>
     <span class='ocr_line' id='line_1_17' title="bbox 770 2131 794 2184; baseline 0 0"><span class='ocrx_word' id='word_1_138' title='bbox 770 2131 794 2184; x_wconf 91' lang='lat' dir='ltr'>Z</span> 
     </span>
    </p>
   </div>
   <div class='ocr_carea' id='block_1_9' title="bbox 56 2191 1648 2283">
    <p class='ocr_par' dir='ltr' id='par_1_9' title="bbox 56 2191 1648 2283">
     <span class='ocr_line' id='line_1_18' title="bbox 56 2191 1648 2283; baseline 0.004 -28"><span class='ocrx_word' id='word_1_139' title='bbox 56 2239 61 2248; x_wconf 87' lang='lat'>.</span> <span class='ocrx_word' id='word_1_140' title='bbox 198 2191 387 2278; x_wconf 75' lang='lat' dir='ltr'>explicavi,</span> <span class='ocrx_word' id='word_1_141' title='bbox 402 2197 485 2261; x_wconf 89' lang='lat' dir='ltr'>notis</span> <span class='ocrx_word' id='word_1_142' title='bbox 509 2219 605 2262; x_wconf 91' lang='lat' dir='ltr'>uuam</span> <span class='ocrx_word' id='word_1_143' title='bbox 629 2210 737 2264; x_wconf 88' lang='lat' dir='ltr'>notam</span> <span class='ocrx_word' id='word_1_144' title='bbox 760 2223 802 2258; x_wconf 70' lang='grc' dir='ltr'><strong><em>ω</em></strong></span> <span class='ocrx_word' id='word_1_145' title='bbox 817 2232 858 2254; x_wconf 95' lang='lat'><em>=</em></span> <span class='ocrx_word' id='word_1_146' title='bbox 873 2205 918 2268; x_wconf 83' lang='lat' dir='ltr'>zo</span> <span class='ocrx_word' id='word_1_147' title='bbox 945 2198 1090 2264; x_wconf 87' lang='lat' dir='ltr'>additam</span> <span class='ocrx_word' id='word_1_148' title='bbox 1114 2199 1224 2281; x_wconf 89' lang='lat' dir='ltr'>vidos,</span> <span class='ocrx_word' id='word_1_149' title='bbox 1253 2200 1346 2264; x_wconf 89' lang='lat' dir='ltr'>cuius</span> <span class='ocrx_word' id='word_1_150' title='bbox 1373 2199 1528 2262; x_wconf 86' lang='lat' dir='ltr'>inferiore</span> <span class='ocrx_word' id='word_1_151' title='bbox 1554 2206 1648 2283; x_wconf 88' lang='lat' dir='ltr'>parte</span> 
     </span>
    </p>
   </div>
   <div class='ocr_carea' id='block_1_10' title="bbox 167 2291 1655 4006">
    <p class='ocr_par' dir='ltr' id='par_1_10' title="bbox 200 2291 1118 2382">
     <span class='ocr_line' id='line_1_19' title="bbox 200 2291 1118 2382; baseline 0.008 -25"><span class='ocrx_word' id='word_1_152' title='bbox 200 2291 295 2358; x_wconf 89' lang='lat' dir='ltr'>litera</span> <span class='ocrx_word' id='word_1_153' title='bbox 318 2301 336 2376; x_wconf 92' lang='grc' dir='ltr'><strong>β</strong></span> <span class='ocrx_word' id='word_1_154' title='bbox 358 2295 429 2360; x_wconf 91' lang='lat' dir='ltr'>sive</span> <span class='ocrx_word' id='word_1_155' title='bbox 452 2319 551 2362; x_wconf 90' lang='lat' dir='ltr'>sonus</span> <span class='ocrx_word' id='word_1_156' title='bbox 573 2298 678 2365; x_wconf 86' lang='lat' dir='ltr'>finalis</span> <span class='ocrx_word' id='word_1_157' title='bbox 701 2303 784 2382; x_wconf 88' lang='grc' dir='ltr'>ἤχου</span> <span class='ocrx_word' id='word_1_158' title='bbox 807 2304 923 2381; x_wconf 65' lang='grc' dir='ltr'>βαρέος</span> <span class='ocrx_word' id='word_1_159' title='bbox 945 2301 1118 2366; x_wconf 86' lang='lat' dir='ltr'>indicatur.</span> 
     </span>
    </p>

    <p class='ocr_par' dir='ltr' id='par_1_11' title="bbox 167 2395 1655 4006">
     <span class='ocr_line' id='line_1_20' title="bbox 282 2395 1647 2489; baseline 0.003 -29"><span class='ocrx_word' id='word_1_160' title='bbox 282 2395 429 2464; x_wconf 87' lang='lat' dir='ltr'>Venio</span> <span class='ocrx_word' id='word_1_161' title='bbox 420 2421 483 2464; x_wconf 82' lang='lat' dir='ltr'>ram</span> <span class='ocrx_word' id='word_1_162' title='bbox 519 2401 561 2464; x_wconf 90' lang='lat' dir='ltr'>ad</span> <span class='ocrx_word' id='word_1_163' title='bbox 589 2400 806 2467; x_wconf 88' lang='lat' dir='ltr'>difficiliorem</span> <span class='ocrx_word' id='word_1_164' title='bbox 840 2401 935 2466; x_wconf 91' lang='lat' dir='ltr'>huius</span> <span class='ocrx_word' id='word_1_165' title='bbox 968 2404 1014 2467; x_wconf 84' lang='lat' dir='ltr'>rei</span> <span class='ocrx_word' id='word_1_166' title='bbox 1044 2413 1180 2489; x_wconf 87' lang='lat' dir='ltr'>partem.</span> <span class='ocrx_word' id='word_1_167' title='bbox 1224 2401 1358 2467; x_wconf 89' lang='lat' dir='ltr'>Numeri</span> <span class='ocrx_word' id='word_1_168' title='bbox 1388 2402 1474 2465; x_wconf 89' lang='lat' dir='ltr'>enim</span> <span class='ocrx_word' id='word_1_169' title='bbox 1502 2402 1537 2465; x_wconf 92' lang='lat' dir='ltr'>in</span> <span class='ocrx_word' id='word_1_170' title='bbox 1560 2399 1647 2464; x_wconf 89' lang='lat' dir='ltr'>scala</span> 
     </span>
     <span class='ocr_line' id='line_1_21' title="bbox 197 2498 1655 2593; baseline 0.003 -33"><span class='ocrx_word' id='word_1_171' title='bbox 197 2498 361 2562; x_wconf 90' lang='lat' dir='ltr'>diatonica</span> <span class='ocrx_word' id='word_1_172' title='bbox 391 2501 530 2585; x_wconf 87' lang='lat' dir='ltr'>singulis</span> <span class='ocrx_word' id='word_1_173' title='bbox 564 2501 659 2568; x_wconf 92' lang='lat' dir='ltr'>lineis</span> <span class='ocrx_word' id='word_1_174' title='bbox 682 2505 882 2593; x_wconf 84' lang='lat' dir='ltr'>interpositi,</span> <span class='ocrx_word' id='word_1_175' title='bbox 916 2504 1036 2591; x_wconf 87' lang='lat' dir='ltr'>quibua</span> <span class='ocrx_word' id='word_1_176' title='bbox 1065 2503 1202 2586; x_wconf 83' lang='lat' dir='ltr'>Graeci,</span> <span class='ocrx_word' id='word_1_177' title='bbox 1232 2513 1353 2590; x_wconf 90' lang='lat' dir='ltr'>quanto</span> <span class='ocrx_word' id='word_1_178' title='bbox 1384 2500 1558 2567; x_wconf 87' lang='lat' dir='ltr'>intervallo</span> <span class='ocrx_word' id='word_1_179' title='bbox 1581 2500 1655 2566; x_wconf 86' lang='lat' dir='ltr'>duo¹</span> 
     </span>
     <span class='ocr_line' id='line_1_22' title="bbox 197 2597 1645 2688; baseline 0.003 -26"><span class='ocrx_word' id='word_1_180' title='bbox 197 2599 269 2663; x_wconf 89' lang='lat' dir='ltr'>soni</span> <span class='ocrx_word' id='word_1_181' title='bbox 292 2597 416 2665; x_wconf 88' lang='lat' dir='ltr'>distent</span> <span class='ocrx_word' id='word_1_182' title='bbox 423 2604 656 2688; x_wconf 54' lang='lat' dir='ltr'>‚significant</span> <span class='ocrx_word' id='word_1_183' title='bbox 629 2603 816 2669; x_wconf 90' lang='lat' dir='ltr'>tmultum</span> <span class='ocrx_word' id='word_1_184' title='bbox 845 2605 1068 2670; x_wconf 85' lang='lat' dir='ltr'>admirationis</span> <span class='ocrx_word' id='word_1_185' title='bbox 1091 2605 1185 2670; x_wconf 89' lang='lat' dir='ltr'>nobis</span> <span class='ocrx_word' id='word_1_186' title='bbox 1213 2604 1345 2670; x_wconf 86' lang='lat' dir='ltr'>habeut.</span> <span class='ocrx_word' id='word_1_187' title='bbox 1391 2603 1536 2669; x_wconf 91' lang='lat' dir='ltr'>Primum</span> <span class='ocrx_word' id='word_1_188' title='bbox 1559 2606 1645 2668; x_wconf 84' lang='lat' dir='ltr'>enirn</span> 
     </span>
     <span class='ocr_line' id='line_1_23' title="bbox 196 2699 1645 2790; baseline 0.005 -28"><span class='ocrx_word' id='word_1_189' title='bbox 196 2721 261 2764; x_wconf 91' lang='lat' dir='ltr'>non</span> <span class='ocrx_word' id='word_1_190' title='bbox 284 2699 348 2766; x_wconf 90' lang='lat' dir='ltr'>duo</span> <span class='ocrx_word' id='word_1_191' title='bbox 371 2702 615 2770; x_wconf 89' lang='lat' dir='ltr'>intervallorum</span> <span class='ocrx_word' id='word_1_192' title='bbox 637 2727 774 2790; x_wconf 87' lang='lat' dir='ltr'>genera,</span> <span class='ocrx_word' id='word_1_193' title='bbox 797 2709 865 2772; x_wconf 91' lang='lat' dir='ltr'>toni</span> <span class='ocrx_word' id='word_1_194' title='bbox 880 2707 1009 2772; x_wconf 86' lang='lat' dir='ltr'>dicoet</span> <span class='ocrx_word' id='word_1_195' title='bbox 996 2707 1210 2785; x_wconf 86' lang='lat' dir='ltr'>tsemitonii,</span> <span class='ocrx_word' id='word_1_196' title='bbox 1233 2715 1270 2771; x_wconf 92' lang='lat' dir='ltr'>ut</span> <span class='ocrx_word' id='word_1_197' title='bbox 1292 2707 1493 2772; x_wconf 86' lang='lat' dir='ltr'>aveteribus</span> <span class='ocrx_word' id='word_1_198' title='bbox 1510 2703 1645 2770; x_wconf 81' lang='lat' dir='ltr'>Graecis</span> 
     </span>
     <span class='ocr_line' id='line_1_24' title="bbox 167 2805 1644 2894; baseline 0.005 -30"><span class='ocrx_word' id='word_1_199' title='bbox 167 2889 170 2894; x_wconf 27' lang='grc' dir='ltr'>Ι</span> <span class='ocrx_word' id='word_1_200' title='bbox 197 2810 229 2865; x_wconf 87' lang='lat' dir='ltr'>ct</span> <span class='ocrx_word' id='word_1_201' title='bbox 257 2825 277 2866; x_wconf 94' lang='lat' dir='ltr'>a</span> <span class='ocrx_word' id='word_1_202' title='bbox 299 2805 418 2867; x_wconf 86' lang='lat' dir='ltr'>nostris</span> <span class='ocrx_word' id='word_1_203' title='bbox 441 2807 590 2892; x_wconf 86' lang='lat' dir='ltr'>musicis,</span> <span class='ocrx_word' id='word_1_204' title='bbox 620 2806 678 2871; x_wconf 89' lang='lat' dir='ltr'>sed</span> <span class='ocrx_word' id='word_1_205' title='bbox 708 2811 771 2872; x_wconf 88' lang='lat' dir='ltr'>tria</span> <span class='ocrx_word' id='word_1_206' title='bbox 792 2810 893 2875; x_wconf 86' lang='grc' dir='ltr'>τόνου</span> <span class='ocrx_word' id='word_1_207' title='bbox 915 2809 1075 2888; x_wconf 68' lang='grc' dir='ltr'>μείζονος,</span> <span class='ocrx_word' id='word_1_208' title='bbox 1104 2809 1203 2874; x_wconf 88' lang='grc' dir='ltr'>τόνου</span> <span class='ocrx_word' id='word_1_209' title='bbox 1232 2809 1419 2886; x_wconf 76' lang='grc' dir='ltr'>ἐλὰιεονοι,</span> <span class='ocrx_word' id='word_1_210' title='bbox 1449 2809 1549 2874; x_wconf 93' lang='grc' dir='ltr'>τόνου</span> <span class='ocrx_word' id='word_1_211' title='bbox 1571 2807 1644 2872; x_wconf 85' lang='grc' dir='ltr'>ἐλα-</span> 
     </span>
     <span class='ocr_line' id='line_1_25' title="bbox 196 2901 1645 2997; baseline 0.002 -30"><span class='ocrx_word' id='word_1_212' title='bbox 196 2903 306 2982; x_wconf 77' lang='grc' dir='ltr'>χίετου</span> <span class='ocrx_word' id='word_1_213' title='bbox 328 2901 486 2970; x_wconf 87' lang='lat' dir='ltr'>distincta</span> <span class='ocrx_word' id='word_1_214' title='bbox 509 2918 594 2976; x_wconf 90' lang='lat' dir='ltr'>sunt.</span> <span class='ocrx_word' id='word_1_215' title='bbox 640 2907 847 2996; x_wconf 81' lang='lat' dir='ltr'>Quamquam</span> <span class='ocrx_word' id='word_1_216' title='bbox 871 2913 950 2975; x_wconf 83' lang='lat' dir='ltr'>haec</span> <span class='ocrx_word' id='word_1_217' title='bbox 971 2911 1102 2997; x_wconf 89' lang='lat' dir='ltr'>quidem</span> <span class='ocrx_word' id='word_1_218' title='bbox 1125 2931 1177 2974; x_wconf 91' lang='lat' dir='ltr'>res</span> <span class='ocrx_word' id='word_1_219' title='bbox 1200 2930 1263 2974; x_wconf 92' lang='lat' dir='ltr'>non</span> <span class='ocrx_word' id='word_1_220' title='bbox 1280 2931 1411 2996; x_wconf 89' lang='lat' dir='ltr'>prorsus</span> <span class='ocrx_word' id='word_1_221' title='bbox 1434 2931 1521 2974; x_wconf 91' lang='lat' dir='ltr'>nova</span> <span class='ocrx_word' id='word_1_222' title='bbox 1544 2917 1576 2973; x_wconf 88' lang='lat' dir='ltr'>at</span> <span class='ocrx_word' id='word_1_223' title='bbox 1598 2909 1645 2971; x_wconf 95' lang='lat' dir='ltr'>in-</span> 
     </span>
     <span class='ocr_line' id='line_1_26' title="bbox 193 3005 1643 3100; baseline 0.004 -33"><span class='ocrx_word' id='word_1_224' title='bbox 193 3005 308 3070; x_wconf 90' lang='lat' dir='ltr'>audita</span> <span class='ocrx_word' id='word_1_225' title='bbox 329 3017 393 3088; x_wconf 87' lang='lat' dir='ltr'>est,</span> <span class='ocrx_word' id='word_1_226' title='bbox 417 3008 494 3094; x_wconf 90' lang='lat' dir='ltr'>quia</span> <span class='ocrx_word' id='word_1_227' title='bbox 515 3010 580 3072; x_wconf 92' lang='lat' dir='ltr'>iam</span> <span class='ocrx_word' id='word_1_228' title='bbox 610 3020 738 3074; x_wconf 84' lang='lat' dir='ltr'>veteres</span> <span class='ocrx_word' id='word_1_229' title='bbox 761 3012 947 3100; x_wconf 89' lang='lat' dir='ltr'>philosophi</span> <span class='ocrx_word' id='word_1_230' title='bbox 966 3012 1066 3094; x_wconf 85' lang='lat' dir='ltr'>(conf.</span> <span class='ocrx_word' id='word_1_231' title='bbox 1101 3011 1278 3078; x_wconf 88' lang='lat' dir='ltr'>Ptolemaei</span> <span class='ocrx_word' id='word_1_232' title='bbox 1309 3010 1423 3076; x_wconf 88' lang='lat' dir='ltr'>Harm.</span> <span class='ocrx_word' id='word_1_233' title='bbox 1454 3010 1482 3094; x_wconf 81' lang='grc' dir='ltr'>Ι,</span> <span class='ocrx_word' id='word_1_234' title='bbox 1516 3009 1564 3090; x_wconf 91' lang='grc'>10,</span> <span class='ocrx_word' id='word_1_235' title='bbox 1591 3011 1643 3095; x_wconf 92' lang='grc'>11)</span> 
     </span>
     <span class='ocr_line' id='line_1_27' title="bbox 196 3108 1644 3198; baseline 0.004 -28"><span class='ocrx_word' id='word_1_236' title='bbox 196 3108 391 3173; x_wconf 89' lang='lat' dir='ltr'>invenerant</span> <span class='ocrx_word' id='word_1_237' title='bbox 413 3119 446 3173; x_wconf 91' lang='lat' dir='ltr'>ct</span> <span class='ocrx_word' id='word_1_238' title='bbox 468 3113 663 3177; x_wconf 88' lang='lat' dir='ltr'>recentiores</span> <span class='ocrx_word' id='word_1_239' title='bbox 687 3111 907 3178; x_wconf 89' lang='lat' dir='ltr'>mathematici</span> <span class='ocrx_word' id='word_1_240' title='bbox 923 3113 1197 3178; x_wconf 86' lang='lat' dir='ltr'>confirmaverunt</span> <span class='ocrx_word' id='word_1_241' title='bbox 1213 3135 1267 3178; x_wconf 90' lang='lat' dir='ltr'>eos</span> <span class='ocrx_word' id='word_1_242' title='bbox 1283 3133 1394 3195; x_wconf 90' lang='lat' dir='ltr'>sonos,</span> <span class='ocrx_word' id='word_1_243' title='bbox 1418 3115 1472 3198; x_wconf 92' lang='lat' dir='ltr'>qui</span> <span class='ocrx_word' id='word_1_244' title='bbox 1489 3134 1552 3176; x_wconf 90' lang='lat' dir='ltr'>uno</span> <span class='ocrx_word' id='word_1_245' title='bbox 1569 3122 1644 3176; x_wconf 88' lang='lat' dir='ltr'>tono</span> 
     </span>
     <span class='ocr_line' id='line_1_28' title="bbox 199 3207 1641 3302; baseline 0.004 -32"><span class='ocrx_word' id='word_1_246' title='bbox 199 3207 322 3272; x_wconf 88' lang='lat' dir='ltr'>distare</span> <span class='ocrx_word' id='word_1_247' title='bbox 349 3207 550 3293; x_wconf 89' lang='lat' dir='ltr'>dicerentur,</span> <span class='ocrx_word' id='word_1_248' title='bbox 586 3233 649 3277; x_wconf 92' lang='lat' dir='ltr'>nou</span> <span class='ocrx_word' id='word_1_249' title='bbox 678 3213 774 3300; x_wconf 92' lang='lat' dir='ltr'>plane</span> <span class='ocrx_word' id='word_1_250' title='bbox 802 3213 929 3301; x_wconf 90' lang='lat' dir='ltr'>aequali</span> <span class='ocrx_word' id='word_1_251' title='bbox 957 3213 1148 3296; x_wconf 87' lang='lat' dir='ltr'>intervallo,</span> <span class='ocrx_word' id='word_1_252' title='bbox 1182 3213 1241 3279; x_wconf 90' lang='lat' dir='ltr'>sed</span> <span class='ocrx_word' id='word_1_253' title='bbox 1269 3213 1343 3302; x_wconf 90' lang='lat' dir='ltr'>plus</span> <span class='ocrx_word' id='word_1_254' title='bbox 1372 3215 1478 3279; x_wconf 89' lang='lat' dir='ltr'>minus</span> <span class='ocrx_word' id='word_1_255' title='bbox 1508 3214 1641 3278; x_wconf 90' lang='lat' dir='ltr'>distare.</span> 
     </span>
     <span class='ocr_line' id='line_1_29' title="bbox 196 3307 1644 3402; baseline 0.003 -30"><span class='ocrx_word' id='word_1_256' title='bbox 196 3307 320 3373; x_wconf 89' lang='lat' dir='ltr'>Verum</span> <span class='ocrx_word' id='word_1_257' title='bbox 356 3333 397 3376; x_wconf 89' lang='grc' dir='ltr'>ιιο</span> <span class='ocrx_word' id='word_1_258' title='bbox 434 3311 555 3377; x_wconf 87' lang='lat' dir='ltr'>scalam</span> <span class='ocrx_word' id='word_1_259' title='bbox 592 3315 849 3402; x_wconf 89' lang='lat' dir='ltr'>Byzantinorum</span> <span class='ocrx_word' id='word_1_260' title='bbox 891 3338 966 3382; x_wconf 84' lang='lat' dir='ltr'>curu</span> <span class='ocrx_word' id='word_1_261' title='bbox 1006 3315 1095 3380; x_wconf 89' lang='lat' dir='ltr'>scala</span> <span class='ocrx_word' id='word_1_262' title='bbox 1132 3316 1359 3380; x_wconf 86' lang='lat' dir='ltr'>Eratosthenis</span> <span class='ocrx_word' id='word_1_263' title='bbox 1397 3325 1429 3378; x_wconf 91' lang='lat' dir='ltr'>et</span> <span class='ocrx_word' id='word_1_264' title='bbox 1465 3313 1644 3380; x_wconf 87' lang='lat' dir='ltr'>Ptolemaei</span> 
     </span>
     <span class='ocr_line' id='line_1_30' title="bbox 195 3409 1643 3503; baseline 0.003 -29"><span class='ocrx_word' id='word_1_265' title='bbox 195 3412 242 3493; x_wconf 89' lang='lat' dir='ltr'>(v.</span> <span class='ocrx_word' id='word_1_266' title='bbox 267 3409 438 3499; x_wconf 89' lang='lat' dir='ltr'>Westphal</span> <span class='ocrx_word' id='word_1_267' title='bbox 461 3413 584 3479; x_wconf 87' lang='lat' dir='ltr'>Metrik</span> <span class='ocrx_word' id='word_1_268' title='bbox 608 3417 641 3496; x_wconf 92' lang='lat' dir='ltr'>I,</span> <span class='ocrx_word' id='word_1_269' title='bbox 664 3417 741 3498; x_wconf 81' lang='grc'>423)</span> <span class='ocrx_word' id='word_1_270' title='bbox 763 3439 896 3503; x_wconf 88' lang='lat' dir='ltr'>prorsus</span> <span class='ocrx_word' id='word_1_271' title='bbox 919 3416 1116 3482; x_wconf 88' lang='lat' dir='ltr'>concordare</span> <span class='ocrx_word' id='word_1_272' title='bbox 1145 3417 1304 3503; x_wconf 88' lang='lat' dir='ltr'>opineris,</span> <span class='ocrx_word' id='word_1_273' title='bbox 1327 3418 1362 3482; x_wconf 94' lang='lat' dir='ltr'>in</span> <span class='ocrx_word' id='word_1_274' title='bbox 1385 3415 1442 3480; x_wconf 90' lang='lat' dir='ltr'>illa</span> <span class='ocrx_word' id='word_1_275' title='bbox 1463 3417 1643 3480; x_wconf 83' lang='lat' dir='ltr'>maximum</span> 
     </span>
     <span class='ocr_line' id='line_1_31' title="bbox 195 3511 1642 3600; baseline 0.005 -27"><span class='ocrx_word' id='word_1_276' title='bbox 195 3511 405 3577; x_wconf 87' lang='lat' dir='ltr'>intervallum</span> <span class='ocrx_word' id='word_1_277' title='bbox 428 3516 546 3598; x_wconf 90' lang='lat' dir='ltr'>imum,</span> <span class='ocrx_word' id='word_1_278' title='bbox 569 3519 676 3581; x_wconf 89' lang='lat' dir='ltr'>minus</span> <span class='ocrx_word' id='word_1_279' title='bbox 700 3517 894 3600; x_wconf 89' lang='lat' dir='ltr'>secundnm,</span> <span class='ocrx_word' id='word_1_280' title='bbox 918 3519 1086 3582; x_wconf 88' lang='lat' dir='ltr'>minimum</span> <span class='ocrx_word' id='word_1_281' title='bbox 1102 3540 1263 3582; x_wconf 89' lang='lat' dir='ltr'>summum</span> <span class='ocrx_word' id='word_1_282' title='bbox 1279 3517 1400 3598; x_wconf 91' lang='lat' dir='ltr'>locum,</span> <span class='ocrx_word' id='word_1_283' title='bbox 1423 3517 1459 3580; x_wconf 91' lang='lat' dir='ltr'>in</span> <span class='ocrx_word' id='word_1_284' title='bbox 1473 3517 1534 3582; x_wconf 89' lang='lat' dir='ltr'>hac</span> <span class='ocrx_word' id='word_1_285' title='bbox 1549 3517 1642 3580; x_wconf 90' lang='lat' dir='ltr'>semi·</span> 
     </span>
     <span class='ocr_line' id='line_1_32' title="bbox 195 3613 1642 3712; baseline 0.003 -36"><span class='ocrx_word' id='word_1_286' title='bbox 195 3613 276 3712; x_wconf 85' lang='lat' dir='ltr'>tonii</span> <span class='ocrx_word' id='word_1_287' title='bbox 299 3615 505 3680; x_wconf 88' lang='lat' dir='ltr'>intervallum</span> <span class='ocrx_word' id='word_1_288' title='bbox 528 3618 647 3701; x_wconf 91' lang='lat' dir='ltr'>imum,</span> <span class='ocrx_word' id='word_1_289' title='bbox 670 3621 803 3684; x_wconf 87' lang='lat' dir='ltr'>maioris</span> <span class='ocrx_word' id='word_1_290' title='bbox 819 3621 887 3684; x_wconf 92' lang='lat' dir='ltr'>toni</span> <span class='ocrx_word' id='word_1_291' title='bbox 903 3619 1099 3702; x_wconf 87' lang='lat' dir='ltr'>secundum,</span> <span class='ocrx_word' id='word_1_292' title='bbox 1122 3620 1257 3685; x_wconf 88' lang='lat' dir='ltr'>minoris</span> <span class='ocrx_word' id='word_1_293' title='bbox 1273 3619 1343 3684; x_wconf 90' lang='lat' dir='ltr'>toni</span> <span class='ocrx_word' id='word_1_294' title='bbox 1359 3640 1520 3683; x_wconf 88' lang='lat' dir='ltr'>summum</span> <span class='ocrx_word' id='word_1_295' title='bbox 1536 3617 1642 3682; x_wconf 91' lang='lat' dir='ltr'>locum</span> 
     </span>
     <span class='ocr_line' id='line_1_33' title="bbox 195 3708 1642 3808; baseline 0.003 -30"><span class='ocrx_word' id='word_1_296' title='bbox 195 3708 393 3781; x_wconf 80' lang='lat' dir='ltr'>tetrachordi</span> <span class='ocrx_word' id='word_1_297' title='bbox 416 3717 557 3803; x_wconf 72' lang='lat' dir='ltr'>obtinet,</span> <span class='ocrx_word' id='word_1_298' title='bbox 581 3712 696 3804; x_wconf 90' lang='lat' dir='ltr'>quodsi</span> <span class='ocrx_word' id='word_1_299' title='bbox 712 3723 843 3808; x_wconf 89' lang='lat' dir='ltr'>plenum</span> <span class='ocrx_word' id='word_1_300' title='bbox 866 3731 1058 3788; x_wconf 86' lang='lat' dir='ltr'>concentum</span> <span class='ocrx_word' id='word_1_301' title='bbox 1074 3722 1211 3786; x_wconf 85' lang='lat' dir='ltr'>dua&#39;ruru</span> <span class='ocrx_word' id='word_1_302' title='bbox 1228 3719 1388 3786; x_wconf 88' lang='lat' dir='ltr'>scalarum</span> <span class='ocrx_word' id='word_1_303' title='bbox 1405 3719 1534 3784; x_wconf 86' lang='lat' dir='ltr'>efficere</span> <span class='ocrx_word' id='word_1_304' title='bbox 1550 3718 1642 3799; x_wconf 87' lang='lat' dir='ltr'>velis,</span> 
     </span>
     <span class='ocr_line' id='line_1_34' title="bbox 196 3815 1641 3912; baseline 0.002 -33"><span class='ocrx_word' id='word_1_305' title='bbox 196 3815 374 3902; x_wconf 84' lang='lat' dir='ltr'>byzantina</span> <span class='ocrx_word' id='word_1_306' title='bbox 395 3820 444 3884; x_wconf 89' lang='lat' dir='ltr'>ita</span> <span class='ocrx_word' id='word_1_307' title='bbox 465 3818 525 3884; x_wconf 91' lang='lat' dir='ltr'>tibi</span> <span class='ocrx_word' id='word_1_308' title='bbox 549 3822 743 3888; x_wconf 86' lang='lat' dir='ltr'>invertenda</span> <span class='ocrx_word' id='word_1_309' title='bbox 766 3835 829 3904; x_wconf 90' lang='lat' dir='ltr'>est,</span> <span class='ocrx_word' id='word_1_310' title='bbox 855 3832 889 3888; x_wconf 93' lang='lat' dir='ltr'>ut</span> <span class='ocrx_word' id='word_1_311' title='bbox 910 3845 930 3886; x_wconf 90' lang='lat' dir='ltr'>a</span> <span class='ocrx_word' id='word_1_312' title='bbox 952 3844 1031 3889; x_wconf 89' lang='lat' dir='ltr'>sono</span> <span class='ocrx_word' id='word_1_313' title='bbox 1055 3831 1114 3904; x_wconf 89' lang='grc' dir='ltr'>βου</span> <span class='ocrx_word' id='word_1_314' title='bbox 1136 3823 1264 3888; x_wconf 88' lang='lat' dir='ltr'>initium</span> <span class='ocrx_word' id='word_1_315' title='bbox 1287 3823 1389 3887; x_wconf 85' lang='lat' dir='ltr'>facias</span> <span class='ocrx_word' id='word_1_316' title='bbox 1413 3830 1445 3885; x_wconf 91' lang='lat' dir='ltr'>et</span> <span class='ocrx_word' id='word_1_317' title='bbox 1473 3821 1521 3883; x_wconf 88' lang='lat' dir='ltr'>sic</span> <span class='ocrx_word' id='word_1_318' title='bbox 1543 3820 1641 3912; x_wconf 74' lang='lat' dir='ltr'>iuter·</span> 
     </span>
     <span class='ocr_line' id='line_1_35' title="bbox 195 3915 477 4006; baseline 0.011 -25"><span class='ocrx_word' id='word_1_319' title='bbox 195 3915 284 3984; x_wconf 85' lang='lat' dir='ltr'>valla</span> <span class='ocrx_word' id='word_1_320' title='bbox 305 3917 477 4006; x_wconf 88' lang='lat' dir='ltr'>disponas:</span> 
     </span>
    </p>
   </div>
   <div class='ocr_carea' id='block_1_11' title="bbox 204 4309 572 4760">
    <p class='ocr_par' dir='ltr' id='par_1_12' title="bbox 204 4309 572 4760">
     <span class='ocr_line' id='line_1_36' title="bbox 204 4423 268 4760; textangle 90"><span class='ocrx_word' id='word_1_321' title='bbox 236 4725 268 4760; x_wconf 83' lang='grc' dir='ltr'>ἡ</span> <span class='ocrx_word' id='word_1_322' title='bbox 204 4423 268 4718; x_wconf 52' lang='grc' dir='ltr'>μιτξῑτιῖἶη</span> 
     </span>
     <span class='ocr_line' id='line_1_37' title="bbox 533 4309 572 4636; textangle 90"><span class='ocrx_word' id='word_1_323' title='bbox 533 4309 572 4636; x_wconf 74' lang='grc' dir='ltr'>παραμέςη</span> 
     </span>
    </p>
   </div>
   <div class='ocr_carea' id='block_1_12' title="bbox 277 4147 656 4888">
    <p class='ocr_par' dir='ltr' id='par_1_13' title="bbox 277 4147 656 4888">
     <span class='ocr_line' id='line_1_38' title="bbox 277 4290 318 4888; textangle 90"><span class='ocrx_word' id='word_1_324' title='bbox 277 4853 309 4888; x_wconf 83' lang='lat' dir='ltr'>f</span> <span class='ocrx_word' id='word_1_325' title='bbox 294 4679 301 4764; x_wconf 77' lang='lat'>-——</span> <span class='ocrx_word' id='word_1_326' title='bbox 279 4290 318 4634; x_wconf 83' lang='grc' dir='ltr'>παρυπάτη</span> 
     </span>
     <span class='ocr_line' id='line_1_39' title="bbox 616 4147 656 4750; textangle 90"><span class='ocrx_word' id='word_1_327' title='bbox 635 4673 639 4750; x_wconf 88' lang='lat'><strong>—</strong></span> <span class='ocrx_word' id='word_1_328' title='bbox 616 4451 656 4627; x_wconf 80' lang='grc' dir='ltr'><strong>τρίτη</strong></span> <span class='ocrx_word' id='word_1_329' title='bbox 619 4147 655 4408; x_wconf 75' lang='grc' dir='ltr'>διεζευγ-</span> 
     </span>
    </p>
   </div>
   <div class='ocr_carea' id='block_1_13' title="bbox 658 4100 741 4888">
    <p class='ocr_par' dir='ltr' id='par_1_14' title="bbox 658 4100 741 4888">
     <span class='ocr_line' id='line_1_40' title="bbox 658 4353 690 4765; textangle 90"><span class='ocrx_word' id='word_1_330' title='bbox 658 4594 685 4765; x_wconf 86' lang='grc' dir='ltr'>τόνος</span> <span class='ocrx_word' id='word_1_331' title='bbox 659 4353 690 4558; x_wconf 75' lang='grc' dir='ltr'>μείζων</span> 
     </span>
     <span class='ocr_line' id='line_1_41' title="bbox 700 4100 741 4888; textangle 90"><span class='ocrx_word' id='word_1_332' title='bbox 700 4847 732 4888; x_wconf 81' lang='lat' dir='ltr'>d</span> <span class='ocrx_word' id='word_1_333' title='bbox 719 4689 723 4751; x_wconf 97' lang='lat'><strong>—</strong></span> <span class='ocrx_word' id='word_1_334' title='bbox 702 4297 741 4629; x_wconf 83' lang='grc' dir='ltr'>παρανήτη</span> <span class='ocrx_word' id='word_1_335' title='bbox 704 4100 736 4249; x_wconf 81' lang='grc' dir='ltr'>διεζ.</span> 
     </span>
    </p>
   </div>
   <div class='ocr_carea' id='block_1_14' title="bbox 405 4303 825 4889">
    <p class='ocr_par' dir='ltr' id='par_1_15' title="bbox 405 4303 825 4889">
     <span class='ocr_line' id='line_1_42' title="bbox 405 4305 435 4766; textangle 90"><span class='ocrx_word' id='word_1_336' title='bbox 405 4595 432 4766; x_wconf 85' lang='grc' dir='ltr'>τόνος</span> <span class='ocrx_word' id='word_1_337' title='bbox 405 4305 435 4556; x_wconf 75' lang='grc' dir='ltr'>ἑλάεςων</span> 
     </span>
     <span class='ocr_line' id='line_1_43' title="bbox 743 4309 770 4764; textangle 90"><span class='ocrx_word' id='word_1_338' title='bbox 743 4593 769 4764; x_wconf 89' lang='grc' dir='ltr'>τόνος</span> <span class='ocrx_word' id='word_1_339' title='bbox 743 4309 770 4558; x_wconf 82' lang='grc' dir='ltr'>ἑλάςςων</span> 
     </span>
     <span class='ocr_line' id='line_1_44' title="bbox 785 4303 825 4889; textangle 90"><span class='ocrx_word' id='word_1_340' title='bbox 795 4852 816 4889; x_wconf 81' lang='lat'>0</span> <span class='ocrx_word' id='word_1_341' title='bbox 804 4687 808 4762; x_wconf 94' lang='lat'>-—</span> <span class='ocrx_word' id='word_1_342' title='bbox 785 4479 825 4638; x_wconf 83' lang='grc' dir='ltr'>νήτη</span> <span class='ocrx_word' id='word_1_343' title='bbox 789 4395 818 4432; x_wconf 80' lang='grc' dir='ltr'>δ</span> <span class='ocrx_word' id='word_1_344' title='bbox 789 4303 818 4369; x_wconf 84' lang='grc' dir='ltr'>εζ</span> 
     </span>
    </p>
   </div>
   <div class='ocr_carea' id='block_1_15' title="bbox 320 4351 486 4892">
    <p class='ocr_par' dir='ltr' id='par_1_16' title="bbox 320 4351 486 4892">
     <span class='ocr_line' id='line_1_45' title="bbox 320 4351 352 4786; textangle 90"><span class='ocrx_word' id='word_1_345' title='bbox 346 4775 351 4786; x_wconf 73' lang='grc'><strong>,</strong></span> <span class='ocrx_word' id='word_1_346' title='bbox 320 4594 347 4764; x_wconf 84' lang='grc' dir='ltr'>τόνος</span> <span class='ocrx_word' id='word_1_347' title='bbox 320 4351 352 4558; x_wconf 75' lang='grc' dir='ltr'>μείζων</span> 
     </span>
     <span class='ocr_line' id='line_1_46' title="bbox 363 4367 404 4888; textangle 90"><span class='ocrx_word' id='word_1_348' title='bbox 374 4843 404 4888; x_wconf 81' lang='lat' dir='ltr'>g</span> <span class='ocrx_word' id='word_1_349' title='bbox 382 4675 386 4756; x_wconf 89' lang='lat'>——</span> <span class='ocrx_word' id='word_1_350' title='bbox 363 4367 402 4627; x_wconf 83' lang='grc' dir='ltr'>λιχανός</span> 
     </span>
     <span class='ocr_line' id='line_1_47' title="bbox 447 4489 486 4892; textangle 90"><span class='ocrx_word' id='word_1_351' title='bbox 458 4850 478 4892; x_wconf 78' lang='lat' dir='ltr'>a</span> <span class='ocrx_word' id='word_1_352' title='bbox 465 4681 470 4768; x_wconf 92' lang='lat'>——</span> <span class='ocrx_word' id='word_1_353' title='bbox 447 4489 486 4638; x_wconf 80' lang='grc' dir='ltr'>μέςη</span> 
     </span>
    </p>
   </div>
   <div class='ocr_carea' id='block_1_16' title="bbox 489 4600 516 4770">
    <p class='ocr_par' dir='ltr' id='par_1_17' title="bbox 489 4600 516 4770">
     <span class='ocr_line' id='line_1_48' title="bbox 489 4600 516 4770; textangle 90"><span class='ocrx_word' id='word_1_354' title='bbox 489 4701 515 4770; x_wconf 86' lang='grc' dir='ltr'>τό</span> <span class='ocrx_word' id='word_1_355' title='bbox 497 4600 516 4696; x_wconf 84' lang='grc' dir='ltr'>νος</span> 
     </span>
    </p>
   </div>
   <div class='ocr_carea' id='block_1_17' title="bbox 574 4470 607 4766">
    <p class='ocr_par' dir='ltr' id='par_1_18' title="bbox 574 4470 607 4766">
     <span class='ocr_line' id='line_1_49' title="bbox 574 4470 607 4766; textangle 90"><span class='ocrx_word' id='word_1_356' title='bbox 574 4470 607 4766; x_wconf 74' lang='grc' dir='ltr'>ἡμιτόνιον</span> 
     </span>
    </p>
   </div>
   <div class='ocr_carea' id='block_1_18' title="bbox 203 4845 563 4891">
    <p class='ocr_par' dir='ltr' id='par_1_19' title="bbox 203 4845 563 4891">
     <span class='ocr_line' id='line_1_50' title="bbox 203 4845 225 4882; textangle 90"><span class='ocrx_word' id='word_1_357' title='bbox 203 4845 225 4882; x_wconf 76' lang='lat' dir='ltr'>e</span> 
     </span>
     <span class='ocr_line' id='line_1_51' title="bbox 530 4848 563 4891; textangle 90"><span class='ocrx_word' id='word_1_358' title='bbox 530 4848 563 4891; x_wconf 83' lang='lat' dir='ltr'><strong>h</strong></span> 
     </span>
    </p>
   </div>
   <div class='ocr_carea' id='block_1_19' title="bbox 0 0 1948 5480">
    <p class='ocr_par' dir='ltr' id='par_1_20' title="bbox 0 0 1948 5480">
     <span class='ocr_line' id='line_1_52' title="bbox 0 0 1948 5480; baseline 0 3"><span class='ocrx_word' id='word_1_359' title='bbox 0 0 1948 5480; x_wconf 95' lang='lat' dir='ltr'> </span> 
     </span>
    </p>
   </div>
  </div>
 </body>
</html>
