3800 5474
255 403 321 459 LlB.
338 403 384 459 Ill.
415 403 462 456 DE
478 401 704 457 llHYTthlClS
720 403 871 458 LEGIBUS
887 403 1083 458 annutante
1100 357 1402 462 BYZAllTlNORUM.
1448 405 1586 459 cxxxix

142 569 183 613 nc
206 546 453 614 similitudinem
476 548 564 615 illam
587 551 743 614 maiorem
766 571 838 614 esse
866 561 1007 633 statuas,
1035 560 1189 615 accentus
1219 572 1284 614 non
1308 572 1346 616 ea
1369 552 1528 632 viserat,
1556 559 1593 616 ut

142 648 271 736 syllaba
292 658 326 715 et
347 651 416 717 ictu
439 651 619 737 erigeretur
640 659 673 716 et
694 649 832 739 duplum
854 652 1008 736 temporis
1031 650 1172 739 spatium
1195 649 1352 738 expleret.
1396 651 1491 718 Licet
1506 654 1593 716 enim

142 760 255 816 acutas
288 751 434 837 syllabas
461 752 581 818 melodi
614 775 679 819 non
708 775 782 819 raro
809 752 1040 840 producerent,
1075 765 1183 818 tamen
1213 753 1329 820 maiori
1356 755 1440 840 parti
1470 752 1592 841 pedum

143 852 379 940 dactylieorum
407 853 661 940 byzantinorum
690 878 756 921 non
784 865 978 942 quaternae,
1008 864 1045 920 ut
1075 855 1260 938 veteribus,
1290 855 1349 920 sed
1378 857 1485 921 trinae
1512 867 1591 922 tem-

143 956 232 1042 poris
259 978 369 1021 morae
400 966 499 1022 erant.
550 957 637 1038 Quin
667 958 765 1022 etiam
792 959 855 1023 hac
877 959 949 1044 ipse
976 980 1022 1040 re,
1046 956 1132 1044 qnod
1160 965 1276 1022 acutae
1300 956 1447 1042 syllabae
1470 959 1592 1046 passim

144 1057 437 1145 protrahebantur,
459 1058 604 1146 rhythmi
627 1061 829 1125 concinnitas
851 1059 982 1124 turbata
1005 1070 1065 1124 est.
1109 1059 1162 1124 Sic
1192 1069 1227 1124 ut
1257 1059 1407 1147 exemplo
1430 1081 1496 1124 rem
1521 1057 1592 1125 illu-

145 1169 263 1243 strcm,
287 1161 398 1226 versui
420 1160 554 1226 Ioannis
577 1183 648 1226 can.
672 1161 721 1228 IV
743 1183 842 1248 supra
864 1160 963 1226 allato

525 1275 576 1394 s

455 1377 719 1510 :733ss
736 1335 804 1448 hb
827 1389 1043 1494 --ᾪ
1060 1403 1081 1462 p
1099 1357 1218 1466 yvp-

485 1547 524 1607 χο
569 1550 641 1608 pene
665 1551 704 1594 νυ
727 1552 746 1594 υ
769 1552 808 1597 ev
831 1552 881 1595 και
925 1553 947 1595 α
969 1534 1093 1608 γαλλου
1109 1532 1141 1595 (ι
1164 1553 1222 1597 ων.

144 1629 175 1692 si
198 1630 370 1694 verborum
393 1637 561 1693 accentum
584 1638 788 1715 spectamus,
812 1631 966 1726 aequales
990 1631 1089 1718 pedes
1112 1643 1188 1697 sunt
1210 1631 1260 1695 hi:

144 1848 206 1913 sed
228 1849 307 1912 haee
330 1850 545 1938 aequabilitas
568 1849 686 1938 pedum
710 1852 772 1916 hec
794 1851 891 1915 modo
913 1851 1133 1918 modulatione
1156 1854 1287 1918 turbata
1310 1860 1375 1914 est:

615 1967 720 2086 ‘lyl
790 1969 1123 2074 lllllllll

700 2049 718 2084 o
768 2049 793 2086 o
818 2041 879 2084 do
928 2041 955 2088 a
979 2043 1040 2085 od
1096 2043 1123 2090 a

147 2105 257 2170 Etiam
281 2108 383 2191 magis
406 2105 550 2192 rhythmi
573 2107 776 2172 concinnitas
799 2105 895 2173 huius
918 2107 1072 2173 versiculi

448 2258 793 2386 'hh—:75
814 2267 993 2378 ΧὩἸἺ
1006 2275 1183 2391 ῦδ).

449 2418 484 2463 εν
507 2421 527 2464 o
549 2419 590 2479 μα
613 2419 664 2464 νοι
687 2401 882 2481 ᾳφυλαττων
899 2421 957 2479 την
972 2418 1111 2479 ποιμνην
1135 2420 1192 2464 (ου

143 2512 273 2600 syllaba
295 2525 391 2580 acuta
413 2516 509 2581 modo
532 2515 692 2603 producta
714 2517 809 2588 modo
833 2529 982 2604 correpta
1002 2517 1169 2598 turbatur,
1193 2516 1226 2578 id
1250 2515 1336 2602 quod
1361 2536 1402 2578 ex
1417 2512 1593 2578 schematis

145 2627 179 2680 et
202 2616 376 2682 verborum
400 2627 432 2681 et
456 2618 622 2684 modorum
646 2621 740 2684 iuxta
761 2621 877 2706 positis
901 2618 1021 2684 clarius
1045 2618 1202 2683 elucebit:

788 2737 875 2853 tlt
924 2735 1343 2854 ltttsltttttl

145 2871 325 2935 Plurimum
350 2895 427 2936 vero
450 2874 483 2936 in
506 2877 679 2960 protractis
702 2872 852 2939 melodiis
883 2875 1010 2956 (ἀργαῑε
1033 2873 1216 2956 μελῳδίαιε)
1246 2873 1358 2934 musici
1387 2870 1507 2951 ab'iis,
1538 2871 1592 2956 qui

144 2974 257 3037 verbis
280 2977 428 3060 expressi
444 2987 551 3054 erant,
575 2975 714 3062 podibus
731 2973 960 3050 discedebant,
985 2975 1031 3036 ita
1054 2983 1161 3037 tamen
1182 2983 1219 3036 ut
1242 2993 1281 3035 ne
1303 2971 1356 3035 hic
1371 2972 1502 3058 quidem
1526 2971 1593 3033 vim

145 3083 300 3138 accentus
323 3075 419 3163 plane
441 3077 661 3162 neglegerent.

231 3175 381 3264 Denique
404 3178 484 3244 haee
507 3189 577 3243 erat
598 3179 773 3264 praecipua
794 3176 848 3241 lex
873 3177 1007 3242 melodis
1031 3178 1217 3242 christianis
1240 3177 1408 3263 proposita
1435 3197 1495 3238 uec
1523 3196 1594 3237 um-

148 3300 244 3364 quam
269 3278 406 3361 violata,
430 3290 466 3344 ut
489 3279 616 3365 singula
640 3277 711 3345 cola
738 3301 801 3344 uno
830 3279 944 3343 saltem
969 3278 1038 3344 loco
1067 3278 1229 3366 syllabam
1258 3289 1387 3342 acutam
1416 3277 1593 3358 haberent,

69 3437 78 3450 ,
145 3400 251 3464 neque
273 3383 369 3466 pauci
393 3382 545 3446 versiculi
561 3384 594 3446 in
610 3383 762 3466 tropariis
780 3379 966 3466 byzantinis
989 3393 1174 3464 occurrunt,
1198 3403 1336 3466 qumum
1358 3388 1511 3444 accentus
1529 3399 1594 3440 uno

146 3491 285 3564 excepto
315 3505 426 3546 omnes
454 3483 623 3549 fluctuant.
670 3481 733 3546 Sed
765 3485 796 3545 in
825 3483 864 3568 iis
893 3503 1020 3568 quoque
1053 3483 1240 3564 versiculiS,
1274 3503 1410 3567 quorum
1439 3488 1593 3542 accentus

144 3581 295 3668 pluribus
326 3581 403 3647 locis
431 3587 623 3668 concinunt,
656 3607 738 3647 unus
767 3583 901 3669 reliquis
930 3583 1073 3646 eminere
1106 3593 1138 3646 et
1165 3584 1199 3645 in
1229 3580 1446 3646 modulatione
1475 3579 1594 3642 clarius

145 3681 307 3767 distingui
336 3683 428 3749 solet.
472 3688 582 3772 Atque
610 3709 651 3750 ex
681 3685 741 3750 hac
768 3707 868 3748 causa
895 3683 977 3748 illud
1005 3707 1132 3770 quoque
1166 3684 1379 3749 derivandum
1408 3693 1473 3765 est,
1506 3680 1593 3767 quod

145 3807 263 3848 versus
285 3786 426 3871 politici,
449 3797 562 3874 utpote
576 3790 632 3873 qui
655 3809 697 3851 ex
719 3788 804 3852 binis
820 3788 976 3852 membris
992 3797 1156 3868 constent,
1180 3785 1307 3851 duobus
1331 3783 1410 3848 locis
1434 3783 1594 3870 syllabam

145 3895 277 3950 acutam
306 3909 482 3972 numquam
515 3912 580 3951 non
609 3887 739 3952 habent.
785 3888 980 3976 Plerumque
1003 3898 1111 3954 autern
1133 3890 1272 3972 insignis
1297 3887 1351 3951 ille
1376 3894 1530 3951 accentus
1560 3885 1594 3947 in

145 3997 295 4050 extrema
318 3987 471 4053 versiculi
494 3999 585 4074 parte
608 3990 734 4076 positus
758 3999 824 4069 cst,
847 3990 1025 4075 quodcum
1047 3992 1080 4056 in
1096 3990 1170 4055 aliis
1185 4011 1392 4054 numerorum
1408 3987 1593 4072 generibus,

145 4100 217 4152 tum
240 4089 272 4152 in
295 4093 532 4155 anacreonticis
556 4090 706 4156 versibus
723 4103 873 4177 apparet,
898 4095 951 4178 qui
968 4115 1042 4158 eum
1058 4093 1199 4158 secunda
1215 4103 1247 4156 et
1262 4102 1378 4177 quarta
1394 4089 1470 4153 sede
1487 4109 1594 4174 saepe,

143 4199 244 4254 sexta
265 4213 441 4277 numquam
465 4215 529 4258 non
551 4204 728 4274 acuuntur,
752 4195 844 4258 utin
867 4194 975 4258 Photii
998 4195 1142 4258 carmine
1164 4218 1196 4280 p.
1219 4195 1276 4257 47:

352 4312 430 4376 Ἀπὸ
453 4313 587 4390 χειλέων
611 4313 713 4393 ὕμνον
926 4315 1029 4406 Βᾲθοι
1052 4335 1109 4378 coe
1131 4319 1186 4392 τῆ(
1209 4313 1322 4392 (cuiue

352 4415 527 4494 προεφέρω
551 4435 610 4492 cor,
633 4423 678 4496 τῷ
701 4417 796 4498 κτίεῃ,
926 4415 1085 4494 κριμὰτων
1108 4415 1165 4478 τὰ(
1187 4413 1342 4493 ἁβύεεου(

351 4513 417 4578 ἀπὸ
439 4516 569 4594 καρδία(
592 4517 710 4594 βάθους
744 4537 752 4554 ·
926 4518 973 4582 τί(
995 4515 1093 4592 λόγος
1116 4517 1293 4594 ἐξυμνήεει,

352 4636 399 4680 tor
421 4617 520 4682 δόξαν
542 4617 732 4696 ἀναπέμπω.
930 4620 1070 4684 herrore
1092 4625 1158 4683 τῶν
1180 4616 1348 4690 ἁπάντωνς

143 4715 244 4796 Quae
272 4737 346 4779 eum
378 4717 426 4780 ita
459 4717 539 4799 sint,
573 4716 743 4782 modorum
774 4717 900 4782 indoles
934 4721 968 4782 in
994 4717 1149 4783 clausulis
1178 4717 1322 4782 colorum
1350 4717 1492 4779 maxime
1519 4737 1594 4780 eon-

141 4817 264 4904 spieua
298 4817 349 4898 fit,
384 4827 417 4881 et
443 4817 586 4882 cantoris
615 4841 696 4896 vox,
737 4839 809 4882 eum
841 4821 874 4884 in
906 4821 1014 4905 priore
1047 4829 1139 4906 parte
1173 4841 1286 4884 versus
1313 4840 1333 4881 a
1363 4817 1594 4903 pronuntiandi
