3800 5474
824 357 1037 414 PRAEFATIO.
1598 359 1651 413 Vll

203 527 283 591 quos
313 504 556 590 philosophicos
582 504 701 572 rectius
731 527 827 591 quam
855 504 1048 570 christianos
1079 503 1186 585 dicas,
1220 503 1326 569 locum
1358 526 1548 570 concessum
1582 527 1652 571 esse

202 629 300 692 aegre
323 606 441 673 ferant.
484 607 531 672 At
552 630 626 688 nos,
650 629 722 672 cum
745 629 806 672 nec
828 605 903 672 odio
926 628 986 671 nec
1008 605 1117 671 studio
1140 605 1353 692 traheremur,
1376 607 1538 694 quidquid
1561 630 1651 694 prae·

203 708 283 774 clari
305 709 458 775 carminis
474 719 573 789 ,vates
596 707 768 774 christiani
790 706 903 773 divino
926 709 1042 794 spiritu
1065 706 1169 772 inflati
1192 717 1456 795 composuerant,
1484 707 1651 776 oblivione

202 811 297 877 obrui
318 809 491 876 noluimus.

287 911 443 979 Subsidia
464 922 571 978 autem
595 913 709 976 critica
728 913 763 976 in
785 911 925 997 singulis
946 910 1144 977 carminibus
1171 911 1441 996 recognoscendis
1469 913 1587 1000 partim
1610 935 1652 979 ex

202 1014 294 1080 libris
317 1023 349 1079 et
377 1035 475 1080 manu
502 1007 632 1100 scriptis
662 1022 694 1078 et
721 1012 811 1099 prelo
841 1011 970 1078 excusis
998 1012 1181 1095 hausimus,
1210 1015 1328 1098 partim
1356 1016 1473 1079 mentis
1502 1016 1651 1081 acumine

202 1118 266 1204 ipsi
298 1117 493 1203 peperimus.
547 1117 656 1202 Atque
690 1115 911 1180 ecclesiastica
944 1114 1091 1180 carmina
1122 1115 1168 1179 ita
1199 1115 1364 1180 hominum
1381 1117 1515 1188 ,animis
1548 1117 1652 1183 infixa

202 1217 379 1283 haerebant
407 1225 439 1281 et
465 1225 635 1282 cantorum
667 1217 770 1298 modis
805 1239 1075 1304 numerorumque
1107 1217 1234 1301 legibus
1267 1216 1309 1280 ab
1343 1217 1446 1282 effusa
1477 1217 1551 1283 labe
1580 1229 1652 1285 tuta

202 1328 311 1400 erant,
334 1329 371 1384 ut
385 1318 514 1385 codices
538 1319 666 1384 excussi
682 1316 833 1403 vulgatas
856 1317 1011 1384 lectiones
1034 1318 1103 1383 fere
1125 1319 1246 1404 ubique
1262 1318 1505 1401 confirmarent,
1529 1329 1561 1385 ct
1577 1343 1650 1386 raro

203 1424 404 1485 coniecturas
419 1419 627 1485 adnumeres
643 1419 862 1484 restituendos
886 1429 942 1485 aut
965 1420 1141 1486 sententias
1165 1419 1385 1506 expediendas
1408 1429 1533 1486 tentare
1555 1444 1649 1508 eoge-

202 1545 319 1588 remur.
369 1522 483 1609 Neque
510 1531 621 1586 tamen
646 1520 702 1586 illa
730 1523 818 1586 omni
845 1521 1096 1608 interpolatione
1123 1542 1258 1586 vacasse
1288 1544 1361 1587 eum
1390 1521 1482 1587 libris
1510 1521 1649 1606 collatis,

203 1636 271 1690 tum
299 1625 579 1710 argumentatione
610 1623 701 1688 faeta
728 1622 802 1711 plus
835 1622 935 1688 semel
957 1623 1125 1688 evicimus.
1169 1623 1318 1711 Namque
1346 1632 1379 1689 ct
1405 1623 1531 1689 Mariae
1560 1625 1650 1692 cultu

201 1725 277 1792 inde
300 1724 341 1790 ab
364 1747 449 1792 nono
472 1723 601 1790 saeculo
624 1726 659 1789 in
681 1719 752 1790 dies
774 1725 873 1790 latius
900 1733 1031 1812 patente
1053 1724 1154 1789 multa
1175 1723 1344 1790 theotokia
1367 1724 1481 1792 addita
1502 1725 1593 1810 s'unt,
1617 1738 1650 1793 et

200 1827 277 1893 libri
305 1828 427 1914 passim
454 1828 502 1892 ita
529 1827 675 1906 variant,
703 1836 740 1892 ut
767 1848 840 1892 oum
869 1826 952 1892 alius
979 1825 1069 1892 aliud
1098 1826 1235 1891 verbum
1264 1825 1318 1891 vel
1346 1826 1453 1892 colum
1482 1827 1649 1913 exhibeat,

200 1941 309 1996 tamen
331 1937 468 2016 utraque
490 1927 585 1993 lectio
602 1935 634 1993 et
648 1927 850 2014 syllabarum
872 1950 1003 1994 numero
1020 1937 1052 1992 et
1065 1937 1258 1992 accentuum
1281 1939 1439 1995 concentu
1464 1930 1649 1997 concordet.

201 2030 291 2111 Quin
314 2030 413 2096 etiam
434 2032 488 2096 hic
508 2028 577 2095 illic
598 2052 657 2116 per
677 2029 809 2116 longam
836 2030 1039 2096 saeculorum
1067 2031 1181 2096 seriem
1205 2029 1303 2096 letius
1324 2032 1508 2118 corruptela
1529 2031 1648 2115 gliscit,

200 2143 238 2198 ut
259 2133 402 2218 troparia
430 2134 480 2196 sui
509 2132 605 2196 hirmi
634 2153 784 2197 numeros
807 2132 959 2198 neniam
981 2133 1072 2219 sequi
1094 2132 1299 2198 viderentur:
1329 2134 1417 2220 quod
1445 2133 1501 2197 ubi
1524 2134 1648 2201 factum

200 2243 264 2315 est,
297 2235 492 2300 recentiores
521 2231 654 2314 Gracci,
688 2243 802 2320 utpote
833 2235 889 2320 qui
916 2235 1056 2299 musicas
1085 2233 1322 2299 modulationes
1350 2236 1515 2317 variandi,
1550 2259 1648 2324 quam

199 2346 302 2402 artem
324 2338 471 2402 criticam
492 2333 665 2402 factitandi
694 2335 863 2422 peritiores
891 2345 1016 2418 essent,
1046 2346 1194 2400 veterum
1216 2336 1443 2421 magistrorum
1466 2342 1648 2426 praeceptis

200 2439 297 2525 plane
325 2437 483 2524 neglectis
506 2437 650 2502 eiusdem
679 2437 760 2502 odae
789 2436 846 2502 alii
875 2438 1025 2523 strophae
1053 2437 1135 2503 alios
1162 2437 1276 2503 modos
1310 2439 1647 2508 accommodaverunt.

199 2539 332 2626 Insigne
354 2539 449 2605 huius
472 2541 518 2604 rei
541 2538 727 2625 exemplum
742 2540 777 2603 in
791 2537 924 2604 Ioannis
947 2540 1080 2604 canonis
1096 2540 1226 2627 septimi
1240 2561 1338 2604 versu
1361 2539 1486 2607 decimo
1509 2545 1647 2629 septimo

199 2665 232 2728 p.
253 2641 318 2706 222
345 2650 469 2724 exstat,
497 2641 554 2706 ubi
581 2662 732 2706 numeros
760 2661 875 2706 versus
902 2643 937 2706 in
964 2639 1101 2726 vulgata
1127 2641 1266 2707 lectione
1294 2651 1326 2707 et
1352 2642 1588 2710 Pentecostarii
1615 2657 1648 2713 et

200 2744 394 2829 Hirmologii
410 2743 589 2824 (τερέωιόν
604 2765 658 2823 με,
682 2744 805 2824 rasere,
830 2743 882 2808 ἐπὶ
900 2745 957 2824 τὴν
973 2743 1093 2822 πέτραν
1108 2745 1225 2809 misere
1241 2743 1390 2810 turbatos
1405 2767 1464 2810 nos
1479 2744 1600 2812 codicis
1615 2747 1647 2812 A

199 2844 336 2911 lectione
358 2849 416 2925 τήν
440 2847 583 2912 ἄεειιτον
605 2846 726 2926 πέτραν
748 2853 902 2910 revocata
924 2843 1063 2911 feliciter
1090 2848 1289 2911 sanavimus.
1334 2845 1419 2910 Aliis
1447 2847 1544 2930 locis,
1572 2871 1646 2914 eum

200 2946 347 3013 codicum
376 2945 532 3012 subsidiis
561 2968 675 3031 parum
703 2945 806 3012 adiuti
833 2969 993 3028 essemus,
1020 2949 1203 3014 inveterata
1231 2947 1349 3012 menda
1376 2948 1521 3014 indicare
1550 2971 1647 3038 quam

200 3069 365 3114 removere
385 3050 512 3113 cautius
529 3069 601 3112 esse
616 3046 779 3114 duximus.
817 3048 929 3134 Neque
951 3050 1037 3113 enim
1060 3050 1238 3114 carminum
1262 3047 1555 3116 ecelesiasticorum
1577 3061 1646 3117 tam

200 3151 340 3237 amplam
363 3160 394 3214 et
416 3151 553 3215 electam
575 3149 679 3214 critici
706 3161 883 3236 apparatus
912 3149 1147 3238 supellectilem
1168 3172 1359 3237 comparare
1381 3152 1474 3218 nobis
1498 3153 1645 3238 contigit,

200 3262 237 3316 ut
258 3254 338 3317 satis
361 3252 455 3318 firma
475 3252 598 3338 ubique
619 3251 832 3317 fundamenta
853 3254 931 3318 artis
953 3253 1084 3318 criticae
1106 3275 1165 3319 nos
1188 3253 1304 3318 iecisse
1318 3253 1503 3339 gloriemur.
1541 3255 1645 3319 Immo

200 3375 275 3419 vero
298 3353 395 3437 alios,
424 3353 542 3439 quibus
565 3352 757 3419 Corinthum
785 3354 877 3419 adire
904 3354 995 3436 licet,
1024 3353 1154 3441 publice
1182 3354 1365 3420 admonitos
1387 3356 1502 3436 velim,
1526 3365 1561 3420 ut
1582 3355 1646 3420 Ro-

198 3477 326 3536 manas,
348 3455 546 3537 Parisinam,
570 3455 744 3539 Russieas,
768 3454 912 3520 Graecas
926 3455 1141 3521 bibliothecas
1163 3457 1358 3541 perscrutati
1378 3467 1521 3521 nostram
1545 3479 1644 3543 penu·

197 3559 279 3622 riam
300 3558 370 3622 suis
392 3556 517 3624 divitiis
539 3567 691 3641 augeant.
729 3557 797 3622 Nos
820 3557 979 3643 quidquid
1001 3554 1219 3621 bibliothecae
1241 3555 1446 3622 Monacensis
1467 3567 1501 3622 et
1522 3557 1645 3623 Vindo-

103 3671 110 3686 '
197 3659 349 3726 bonensis
378 3657 648 3745 suppeditabant,
681 3658 796 3723 sedulo
823 3659 932 3724 rimati
958 3679 1063 3744 neque
1085 3657 1242 3723 Triodion
1264 3679 1368 3745 neque
1390 3658 1488 3744 plena
1508 3659 1658 3724 Menace·

197 3763 340 3848 reperire
361 3761 536 3847 potuimus,
560 3782 754 3847 quamquam
779 3758 830 3824 vel
854 3760 981 3843 exiguis
997 3759 1047 3824 his
1064 3759 1219 3825 subsidiis
1242 3761 1393 3826 instructi
1416 3759 1534 3825 multos
1557 3760 1644 3827 locos

197 3865 316 3949 partim
339 3862 581 3928 emendavimus
604 3862 723 3950 partim
746 3860 987 3949 perpolivimus.
1031 3859 1122 3926 Idem
1139 3860 1227 3928 valet
1242 3862 1283 3927 de
1299 3863 1429 3949 Synesii
1444 3872 1477 3927 et
1492 3859 1645 3948 Gregorii

197 3965 341 4051 hymnis,
365 3965 435 4049 qui,
458 3964 535 4030 licet
557 3963 723 4029 codicibus
747 3986 807 4029 nec
822 3963 969 4029 bonitate
990 3985 1051 4028 nec
1066 3972 1231 4029 vetustate
1251 3963 1434 4049 insignibus
1457 3963 1508 4028 usi
1531 3965 1643 4047 simus,

196 4077 305 4130 tamen
327 4067 465 4152 primum
488 4067 520 4129 in
543 4063 604 4130 hac
626 4066 767 4132 editione
789 4067 875 4131 iusto
897 4074 1058 4152 apparatu
1080 4067 1193 4133 critico
1214 4068 1365 4132 instructi
1388 4064 1559 4152 prodeunt.

279 4169 333 4233 Ad
356 4177 554 4253 postremum
569 4177 616 4248 ut,
640 4189 704 4254 quo
718 4167 853 4232 consilio
874 4168 910 4231 in
930 4167 1014 4233 libro
1036 4167 1222 4233 adornando
1239 4177 1271 4231 et
1285 4167 1434 4254 partibus
1457 4166 1644 4252 digerendis

195 4271 247 4334 usi
269 4269 385 4348 simus,
409 4269 601 4349 edisseram,
623 4266 932 4352 Prolegomenorum
953 4269 1054 4335 libros
1076 4281 1214 4355 quatuor
1236 4268 1476 4356 praemisimus,
1505 4290 1644 4354 quorum

195 4372 299 4458 primo
322 4393 395 4436 cum
417 4380 583 4456 poetarum
606 4390 742 4434 recensu
764 4370 930 4436 historiam
953 4371 1150 4436 christianae
1172 4373 1279 4457 poesis
1301 4389 1439 4453 graecae
1460 4379 1642 4450 contexere,

196 4469 297 4538 altero
325 4473 366 4536 dc
393 4470 531 4556 singulis
559 4472 733 4556 generibus
762 4471 939 4537 carminum
967 4483 1000 4538 et
1026 4469 1199 4536 ritualibus
1226 4469 1318 4535 libris
1342 4469 1517 4551 disserere,
1546 4473 1642 4537 tertio

196 4584 299 4639 artem
326 4595 439 4640 versus
468 4573 612 4638 faciendi
638 4581 808 4660 poetarum
836 4574 1088 4660 byzantinorum
1111 4570 1288 4658 explicare,
1317 4580 1432 4659 quarto
1456 4571 1496 4638 de
1518 4573 1643 4638 musica

196 4674 370 4762 disciplina
404 4675 572 4762 disputare
603 4675 712 4741 visum
740 4684 806 4758 est3
840 4697 976 4762 quarum
1008 4677 1151 4763 partium
1183 4673 1416 4762 paenultimam
1444 4673 1640 4738 carminibus

195 4775 319 4863 aliquot
339 4779 373 4843 in
395 4787 540 4846 nostram
569 4777 713 4862 linguam
741 4777 924 4862 conversis,
954 4775 1101 4843 ultimam
1128 4775 1276 4842 melodiis
1300 4778 1341 4842 ab
1363 4775 1535 4841 Eustathio
1558 4773 1641 4841 The·
