3800 5474
277 431 344 490 LIB.
360 431 408 492 III.
439 431 486 488 DII
501 431 727 488 RHYTHMICIS
742 429 894 488 LEGIBUS
910 430 1106 489 CARMINUM
1121 431 1420 490 BYZANTINORUM.
1455 433 1594 489 LXXXIII

126 601 132 608 ’
249 613 370 679 OOLA
392 613 710 680 ANAPAIISTIOA
732 614 792 679 ET
814 613 1135 682 ANAPAESTIOA
1158 612 1478 680 LOGAOEDICA·

302 768 307 779 ὓ
454 770 460 782 Ι

251 787 461 822 ..:..·...:
480 801 1025 824 υυυυυυυυυυυυυ
1044 770 1099 824 vel
1106 801 1489 824 υυυυυυυυυυυ

228 869 354 1033 Ἐῦόηςε
376 876 556 948 προτυπῶν
579 869 672 934 Pitra
694 857 867 954 XXXIV,
891 869 1101 957 Theophanis
1124 891 1197 934 can.
1219 869 1311 934 Iod.
1336 870 1363 942 ς’
1386 891 1441 934 vv.
1463 870 1494 952 2,
1517 870 1549 950 4,
1574 869 1594 931 6

143 1093 177 1134 v.
169 1017 279 1134 Η2ε
249 1078 428 1151 προτυπων
439 1074 497 1153 τὴν
511 1075 618 1154 ταφην
629 1094 686 1151 την
698 1075 875 1154 τριημερον.
901 1075 983 1158 v.4:
1004 1075 1112 1142 Ιωνᾶς
1135 1076 1171 1140 ἐν
1193 1079 1239 1157 τῷ
1262 1073 1346 1153 κήτει
1369 1074 1532 1154 δεόμενος.

254 1176 312 1252 τὴν
345 1176 462 1255 φωνὴν
498 1175 631 1255 Γαβριὴλ
658 1177 717 1254 τὴν
740 1177 857 1254 χαρμό-
957 1164 962 1174 ’
1000 1176 1201 1258 εὐφροςύνης
1218 1175 1332 1241 ἐνθέου
1352 1175 1571 1256 πεπλήρωμαι.

592 1295 700 1341 ςυνον.
996 1282 1081 1346 πᾶςα
1102 1277 1194 1342 κτίςις
1217 1276 1400 1360 κραυγάζει,
1422 1277 1594 1358 θεόνυμφε.

251 1378 271 1455 ἡ
293 1378 392 1456 χαρά,
426 1379 600 1460 θεομῆτορ,
622 1377 642 1456 ἡ
664 1377 784 1444 ἔνθεος.
998 1380 1037 1444 δι’
1059 1380 1137 1460 ἐμοῦ
1159 1380 1197 1444 τὸ
1220 1377 1380 1459 ὀφείλημα
1401 1379 1549 1458 ςήμερον.

252 1477 291 1542 δι’
318 1477 396 1556 ἐμοῦ
418 1479 632 1557 καταργείςῦω
660 1479 842 1566 κατάκριμα.
997 1480 1033 1546 ἐν
1061 1488 1106 1563 τῷ
1135 1480 1286 1560 (πέμματι
1308 1481 1415 1564 τούτῳ
1436 1479 1476 1542 τά
1506 1479 1594 1557 ἔθνη,

253 1578 271 1642 δ
293 1579 368 1644 θεὸς
391 1577 529 1660 Ἀβραὰμ
551 1585 597 1662 τῷ
619 1581 813 1661 προπάτορι,
1352 1581 1444 1658 ἁγνή.

462 1704 494 1744 v.
517 1680 553 1744 6:
578 1682 677 1760 Ἰηςοῦ
700 1685 824 1762 βαςιλεῦ
846 1687 914 1750 τῶν
936 1683 1115 1763 δυνάμεων.
1321 1681 1328 1700 ⁸
1403 1699 1410 1712 ³

572 1784 624 1847 καί
644 1785 748 1864 χαράν
770 1787 995 1862 καταγγέλλεις
1015 1787 1073 1864 τὴν
1095 1785 1245 1864 ἄληκτον.

572 1887 631 1948 τοῦ
654 1885 726 1949 υἱοῦ
741 1891 799 1950 τοῦ
823 1891 899 1951 θεοῦ
914 1889 1124 1982 προωρίςῦης,
1147 1887 1238 1965 ἁγνή.

572 1987 611 2051 τὸ
634 1986 771 2066 ἀρχαῖον
794 1989 922 2067 δοθήτω
944 1990 1175 2070 πληρέςτατον,

574 2088 593 2164 ἡ
616 2089 783 2167 ὑπάςχεςις
806 2089 930 2168 δέχεται
954 2091 1100 2170 εήμερον.

146 2307 285 2371 Oosmas
307 2327 378 2370 can.
391 2304 427 2369 ΙΙ
448 2303 543 2370 οά.’
518 2325 533 2370 ε
565 2329 596 2368 ν.
612 2307 625 2368 I
652 2329 683 2392 p.
700 2307 775 2390 167,
799 2308 938 2372 Ioannes
954 2307 1108 2374 Damaso.
1124 2331 1195 2372 can.
1208 2307 1258 2373 IV
1280 2307 1373 2374 od.'
1346 2330 1365 2381 ς
1389 2329 1420 2371 ν.
1436 2310 1450 2370 I
1473 2330 1502 2392 p.
1515 2307 1595 2371 219·

190 2425 309 2490 Θεὸς’
287 2447 335 2490 ων
358 2423 483 2505 εἰρήνης
505 2425 610 2504 πατὴρ
633 2425 813 2505 οἰκτιρμῶν.
912 2427 1102 2506 κατῆλθεςέ
1103 2448 1122 2493 ν
1144 2432 1214 2493 τοῖς
1237 2427 1430 2492 κατωτάτοις
1452 2429 1507 2506 τῆς
1529 2429 1595 2504 γῆς.

189 2527 226 2591 ἐν
249 2528 379 2592 δούλοις
401 2533 446 2610 τῷ
471 2526 623 2606 Καίςαρος
646 2526 786 2606 δόγματι.
909 2529 1053 2609 φυλάξας
1074 2529 1115 2594 τά
1137 2529 1298 2609 ςήμαντροι
1320 2535 1398 2613 ςῷα,
1423 2528 1542 2608 Χριςτέ.

190 2629 261 2694 ἰδοὺ
283 2629 303 2708 ἡ
325 2629 503 2710 παρθένος,
528 2629 572 2693 ὡς
594 2629 694 2693 πάλαι
716 2629 823 2713 φηςίν,
910 2633 1014 2710 ςωτήρ
1036 2653 1097 2709 μου
1120 2633 1157 2697 τὸ
1181 2634 1247 2699 ζῶν
1269 2649 1303 2696 τε
1325 2631 1376 2696 καί
1399 2629 1527 2694 ἄθυτον.

681 2769 1037 2803 οοοοοοοοοο
1055 2752 1097 2802 νεί
1116 2781 1427 2806 .........

311 2849 439 2930 Ὑμνος
461 2849 626 2915 άκάθιςτος
649 2869 682 2910 ν.
705 2850 779 2933 3p.
806 2848 867 2912 140
881 2871 950 2936 sqq.
982 2850 1086 2915 vicies
1110 2859 1225 2937 quater
1246 2851 1421 2937 repetitus:

232 2967 282 3031 καὶ
305 2967 361 3030 ςὺν
383 2974 421 3052 τῇ
444 2967 601 3050 άςωμάτῳ
623 2973 728 3050 φωνῇ.
884 2969 917 3034 ἐξ
939 2967 1085 3048 άςπάρου
1109 2971 1282 3050 βλαςτήςας
1302 2967 1446 3048 γαςτρός.

231 3069 271 3132 τὸ
294 3069 327 3132 ςέ
350 3069 469 3150 βρέφος
492 3069 614 3148 ἐκείνης
636 3067 739 3134 εὐθύς.
882 3068 984 3150 ὁγὰρ
1006 3075 1064 3136 τοῦ
1087 3071 1231 3150 οὐρανοῦ
1254 3071 1304 3135 καί
1330 3075 1386 3150 τῆς
1408 3074 1475 3148 γῆς.

314 3305 434 3370 OOLA
456 3301 722 3370 DACTYLIOA
746 3301 804 3370 ET
827 3303 1089 3370 DAOTYLIOA
1112 3303 1429 3372 LOGAOEDIOA:

376 3479 381 3506 :
402 3499 407 3511 .
427 3499 432 3510 .
452 3461 458 3507 ἓ
477 3499 483 3512 .
503 3499 508 3511 .
528 3460 534 3506 ἰ
596 3487 601 3493 -
650 3491 883 3514 .......
902 3459 982 3511 colon
1000 3461 1075 3526 prius
1088 3475 1182 3512 versus
1201 3460 1364 3510 hexametri:

512 3560 651 3624 Ioannes
674 3560 830 3626 Damaso.
854 3581 926 3625 can.
949 3558 980 3623 V
1002 3558 1054 3624 od.
1079 3559 1108 3628 α’
1131 3585 1163 3626 ν.
1188 3562 1222 3623 l:

351 3679 476 3762 ᾄςωμεν
498 3681 619 3746 πάντες
641 3679 721 3745 λαοί
966 3682 986 3759 ἡ
1009 3681 1127 3759 βαςιλίς
1148 3683 1215 3745 τῶν
1239 3679 1346 3759 ὡρῶν.

351 3783 488 3862 ςήμερον
510 3780 569 3860 ἔαρ
592 3788 719 3861 ψυχῶν.
967 3783 1066 3847 πύλαι
1089 3782 1243 3864 θανάτου,
1266 3781 1384 3860 Χριςτέ.

478 4003 620 4081 Προςομ.
644 4001 678 4065 ΙΙ
702 4021 732 4068 ν.
759 4002 772 4064 l
797 4023 830 4086 p.
854 4001 896 4064 64
919 4009 951 4064 et
973 3999 1025 4063 IX
1049 4001 1126 4074 ν.,2
1147 4022 1179 4087 p.
1204 4000 1259 4065 76:

351 4121 386 4185 ἐν
410 4119 562 4200 οὐρανοῖς
584 4122 642 4200 τὴν
666 4121 787 4186 ἐλπίδα.
970 4125 1037 4185 τῶν
1062 4119 1225 4200 οὐρανίων
1247 4109 1428 4200 ταγμάτων.

349 4224 407 4302 τήν
430 4222 482 4286 ἐπὶ
510 4226 569 4302 γῆς
590 4222 815 4303 φῦειρομένην.
971 4221 1180 4302 ὁταξιάρχης
1202 4226 1268 4287 τῶν
1291 4220 1369 4285 ἄνω.

350 4324 387 4390 ἐν
409 4324 505 4407 ἑαυτῇ
528 4326 588 4403 τὴν
610 4324 730 4404 τριάδα,
970 4323 1034 4388 ὑπὸ
1057 4325 1115 4401 τὴν
1139 4323 1256 4401 ςκέπην
1278 4325 1345 4386 τῶν
1368 4320 1473 4385 θείων.

274 4529 416 4607 Προςομ.
439 4526 489 4590 VI
511 4547 543 4590 ν.
567 4525 588 4590 5
609 4549 641 4612 p.
665 4526 720 4606 70,
744 4518 884 4590 Ιοοιιιιεε
906 4525 1059 4588 Damaso.
1082 4545 1153 4588 οαιι.
1177 4522 1226 4586 IV
1248 4523 1302 4587 od.
1325 4521 1353 4588 θ’
1374 4544 1407 4587 v.
1430 4524 1466 4586 3:

274 4646 324 4711 ὅτι
345 4647 404 4713 τὸν
427 4647 549 4726 δρόμον
571 4645 744 4711 τετέλεκας.
885 4643 1000 4722 χόρευε
1023 4646 1082 4709 νῦν
1104 4643 1155 4708 καί
1178 4619 1341 4725 άγάλλου,
1364 4640 1455 4706 (νῦν.

275 4749 447 4827 ὑπερορῶν
469 4750 528 4827 μὲν
550 4751 609 4813 τοῦ
633 4746 785 4827 ςώματος.
885 4745 975 4826 μέχρι
998 4744 1162 4824 τερμάτων
1184 4743 1320 4820 αἰῶνος,
1345 4743 1467 4820 Χριςτέ.

274 4852 343 4914 τοῖς
365 4849 521 4915 ἐναντίοις
544 4848 723 4914 ἀνάλωτος.
885 4847 976 4911 δίδου
998 4847 1073 4926 ἡμῖν
1096 4846 1342 4940 ἐιιτυπυίτερον.Ι

1361 4947 1393 5006 f.
