3886 5480
289 357 402 412 cxvttt
864 359 1146 418 PROLEGOMENA.

259 557 264 562 .
372 503 480 588 Magis
503 525 562 569 nos
584 505 730 570 numeris
752 505 834 592 ipsis
856 505 978 571 offendi
999 527 1060 594 par
1082 517 1140 573 est.
1184 508 1269 574 Tota
1291 509 1378 572 enim
1404 508 1506 591 ratio,
1530 530 1594 596 qua
1615 508 1736 595 byzan-

291 603 350 668 tini
372 606 520 690 magistri
543 604 717 670 intervalla
739 627 892 672 sonorum
914 609 994 672 satis
1018 609 1135 673 inscite
1157 608 1393 692 definiverunt,
1415 609 1549 675 adocta
1562 633 1736 696 argumen-

288 705 412 772 tatione
439 705 617 771 Ptolemaei
650 717 683 772 et
710 707 1010 774 mathematicorum
1041 709 1215 798 discrepat.
1264 709 1318 776 Illi
1341 713 1438 795 enim,
1462 733 1546 798 quae
1568 713 1735 799 proportio

288 810 372 872 inter
404 818 511 872 motus
546 801 745 873 vibrantium
776 809 891 874 fidium
921 810 1320 898 (Saitenschwingungen)
1349 814 1584 896 intercederet,
1622 813 1736 880 subtili
1842 825 1844 828 ’

289 910 531 995 computatione
553 920 723 990 eruerunt,
745 911 923 998 Byzantini
950 933 1024 976 cum
1047 913 1115 978 toni
1138 913 1348 979 intervallum
1370 914 1543 981 duodecim
1566 914 1736 1003 particulis

288 1010 511 1098 (btucrriuuru)
539 1021 690 1077 constare
718 1015 927 1096 statuissent,
960 1014 1078 1079 minori
1105 1025 1182 1080 tono
1209 1037 1342 1098 novem,
1372 1017 1549 1082 semitonio
1572 1017 1738 1102 (ἡμιτονίῳ

287 1113 359 1178 sive
381 1098 538 1198 λείμμὰτι)
562 1107 887 1200 88818888881188188
908 1115 1177 1201 adsignaverunt.
1222 1119 1332 1204 Atque
1348 1116 1437 1205 quod
1454 1119 1623 1183 minimum
1637 1119 1737 1182 inter-

287 1212 410 1279 vallum
433 1215 548 1294 (τόνον
571 1215 751 1300 ἐλάχιετον)
776 1214 945 1306 dimidiam
968 1226 1094 1302 partem
1109 1217 1274 1284 intervalli
1297 1219 1366 1283 toni
1389 1217 1558 1305 paululum
1580 1241 1735 1305 superare

289 1324 488 1395 statuerunt,
513 1314 546 1378 id
570 1317 666 1402 plane
689 1338 762 1380 cum
784 1318 967 1404 praeceptis
990 1316 1167 1383 Ptolemaei
1190 1319 1281 1402 (vide
1303 1318 1418 1384 Harm.
1435 1318 1468 1401 I,
1495 1320 1547 1402 15)
1569 1319 1736 1402 convenit,

289 1418 375 1504 quod
398 1425 507 1482 autem
535 1426 647 1482 tonum
676 1418 833 1481 minorem
859 1440 994 1502 novem,
1023 1420 1178 1484 maiorem
1206 1419 1380 1486 duodecim
1407 1421 1640 1507 particularum
1663 1443 1734 1486 esse

288 1519 422 1601 docent,
446 1527 480 1584 et
501 1539 521 1581 a
543 1517 719 1606 disciplina
740 1518 969 1585 mathematica
985 1519 1161 1587 Ptolemaei
1177 1530 1210 1587 et
1223 1543 1244 1586 a
1258 1524 1305 1587 rei
1321 1513 1556 1608 probabilitate
1572 1522 1734 1589 abhorret.

287 1618 372 1684 Cum
395 1621 481 1684 enim
502 1620 725 1685 mathematici
746 1623 902 1686 maiorem
925 1630 1036 1686 tonum
1065 1631 1097 1687 et
1118 1621 1277 1688 minorem
1305 1633 1372 1688 tam
1394 1623 1514 1708 exiguo
1536 1623 1734 1704 discrimine,

287 1730 323 1786 ut
344 1722 448 1814 magis
465 1721 704 1786 mathematicis
720 1721 902 1789 rationibus
918 1723 1060 1788 inveniri
1076 1746 1174 1812 quam
1189 1725 1316 1790 aurium
1338 1721 1460 1792 iudicio
1476 1725 1600 1814 percipi
1616 1735 1735 1814 posset,

287 1820 418 1886 differre
441 1821 629 1888 docuissent
650 1831 683 1888 et
704 1823 806 1888 nostri
833 1825 949 1890 musici
976 1817 1094 1912 pusilld
1122 1825 1178 1892 ill'o
1207 1825 1405 1893 discrimine
1423 1848 1556 1915 prorsus
1584 1825 1733 1912 neglecto

287 1932 344 1988 aut
377 1935 451 1988 tono
485 1932 542 1988 aut
575 1925 747 1990 semitonio
776 1947 872 1991 sonos
906 1926 1030 1992 distare
1062 1927 1162 2012 vulgo
1195 1939 1358 2014 statuant,
1392 1931 1588 1994 recentiores
1617 1928 1735 1995 Graeci

287 2026 445 2090 minorem
469 2035 580 2089 tonum
610 2027 779 2109 (ἐλάαονα
811 2025 926 2110 τόνον)
953 2029 1085 2093 minimo
1119 2030 1252 2116 propius
1285 2053 1383 2116 quam
1411 2030 1553 2096 maximo
1580 2029 1737 2095 accedere

289 2125 459 2195 definiunt.
504 2124 674 2207 Quocum
697 2127 847 2212 accedat,
870 2128 958 2216 quod
980 2139 1013 2194 et
1034 2129 1195 2195 Manualis
1218 2131 1377 2218 Brysnnii
1399 2142 1516 2215 aetate,
1541 2133 1597 2219 qui
1621 2141 1737 2220 quarto

289 2227 556 2293 docimosaeculo
572 2227 844 2294 Harmonicorum
860 2228 961 2295 libros
984 2239 1050 2295 tres
1073 2233 1285 2320 conscripsit,
1308 2245 1484 2322 praecepta
1497 2232 1556 2298 illa
1577 2232 1619 2298 de
1641 2233 1739 2297 inter·

291 2327 388 2394 vallis
416 2337 558 2417 septem,
586 2352 720 2415 novem,
749 2330 922 2396 duodecim
945 2330 1179 2417 particularum
1212 2355 1346 2422 prorsus
1367 2333 1517 2400 inaudita
1539 2335 1641 2400 fuisse
1664 2355 1736 2422 pro·

160 2446 165 2456 '
286 2431 424 2515 bantur,
448 2453 552 2518 neque
575 2431 692 2517 quibus
716 2431 848 2498 calculis
871 2442 905 2498 et
926 2433 1088 2499 mensuris
1110 2433 1166 2498 illa
1181 2435 1373 2502 discrimina
1400 2439 1535 2502 inventa
1557 2437 1624 2501 sint
1646 2434 1738 2521 quid·

289 2555 385 2620 quam
407 2535 582 2598 memoriae
610 2532 778 2621 proditum
808 2545 875 2622 est,
902 2536 938 2600 in
965 2539 1237 2604 commentatione
1264 2537 1305 2602 de
1326 2537 1417 2604 Man.
1441 2539 1606 2626 Bryennio
1635 2547 1738 2603 totam

288 2632 378 2699 illam
400 2633 582 2699 doctrinam
605 2636 864 2701 commenticiam
887 2647 919 2702 ct
939 2640 982 2703 ab
1004 2641 1182 2705 recentiore
1204 2639 1313 2726 aliquo
1341 2642 1499 2727 magistro
1521 2663 1636 2728 parum
1659 2639 1739 2705 scite

292 2737 509 2820 excogitatam
526 2759 597 2801 esse
612 2736 768 2804 iudicavi.
796 2739 959 2804 Probatur
972 2752 1080 2806 autem
1092 2740 1187 2806 huius
1204 2742 1382 2806 sententiae
1396 2743 1534 2808 audacia
1548 2743 1620 2829 ipso
1642 2750 1740 2806 cantu

293 2837 510 2920 Graecorum,
534 2836 611 2903 licet
634 2841 721 2905 enim
737 2840 964 2928 Chrysanthus
986 2864 1018 2928 p.
1036 2842 1056 2906 9
1078 2843 1198 2925 et102,
1222 2845 1448 2909 commenticia
1469 2842 1527 2908 illa
1549 2841 1736 2930 disciplina,

290 2940 344 3006 cui
368 2938 466 3003 fidem
489 2938 649 3026 derogare
670 2964 735 3006 non
758 2965 856 3008 ausus
879 2953 945 3028 est,
967 2942 1001 3005 iu
1024 2965 1184 3027 errorem,
1213 2955 1250 3010 ut
1277 2946 1419 3026 videtur,
1449 2944 1611 3022 inductus,
1645 2967 1742 3010 suum

290 3042 390 3107 τόνον
413 3043 579 3123 ἐλάχιετον
602 3042 644 3107 ab
668 3043 839 3108 semitonio
861 3043 1107 3130 Europaeorum
1131 3045 1261 3110 differre
1284 3047 1388 3129 dicat,
1416 3055 1526 3111 tamen
1548 3045 1740 3133 peritissimi

294 3142 417 3206 iudices
441 3142 586 3208 Graecos
610 3143 728 3208 iisdem
750 3143 942 3227 intervallis,
966 3144 1084 3232 quibus
1107 3169 1183 3231 nos,
1207 3147 1327 3214 scalam
1351 3149 1524 3214 decantare
1552 3147 1631 3212 mihi
1653 3167 1740 3211 asse·

290 3251 498 3308 veravcrunt.
542 3244 656 3330 Neque
680 3254 788 3309 tamen
810 3244 940 3310 silentio
968 3249 1228 3334 praetermittere
1256 3249 1305 3314 sas
1329 3261 1379 3315 est
1407 3248 1566 3334 collegam
1588 3246 1741 3314 doctissi-

289 3337 376 3409 mum
399 3343 609 3429 Schafhttutl,
633 3347 753 3411 veteris
781 3347 924 3412 musicae
946 3346 1187 3416 ecclesiasticae
1215 3353 1302 3417 inter
1323 3373 1443 3440 paucos
1466 3353 1623 3439 peritum,
1646 3371 1740 3414 secus

289 3448 411 3512 sentire
433 3455 466 3511 et
488 3446 592 3533 lyram
617 3448 800 3532 (Guitarre)
823 3446 1047 3514 sollertissime
1069 3451 1262 3535 adornasse,
1286 3455 1378 3518 cuius
1392 3454 1488 3518 nervi
1510 3449 1692 3518 intervallis
1708 3462 1742 3518 et

295 3559 425 3614 nostrae
447 3558 480 3613 et
490 3547 752 3636 'Byzantinorum
776 3562 809 3616 et
830 3558 979 3616 veterum
1002 3551 1201 3619 Graecorum
1225 3554 1332 3620 scalae
1354 3564 1517 3620 resonent.

374 3649 544 3713 Hactenus
567 3652 608 3714 de
630 3650 716 3726 scala
738 3651 918 3735 diatonica,
942 3675 1006 3739 qua
1028 3654 1147 3720 Graeci
1170 3658 1203 3721 in
1218 3654 1383 3744 plerisque
1399 3655 1571 3722 cantilenis
1592 3665 1626 3720 ct
1647 3677 1739 3744 prae-

289 3751 402 3831 sertim
424 3750 459 3813 in
481 3749 632 3814 omnibus
655 3754 725 3817 toni
746 3754 842 3838 primi
866 3763 901 3817 et
922 3755 1004 3818 recti
1027 3764 1060 3820 et
1080 3743 1183 3842 plagii
1211 3767 1243 3822 ct
1265 3760 1333 3824 toni
1357 3759 1465 3846 quarti
1484 3760 1567 3823 recti
1594 3766 1740 3821 utuntur.

291 3851 426 3915 Praeter
453 3850 538 3915 hanc
566 3860 676 3916 autern
706 3851 825 3932 scalam
853 3875 974 3939 genera
1008 3857 1251 3924 enharmonium
1280 3871 1313 3926 et
1340 3861 1574 3926 chromaticum
1602 3881 1676 3924 suas
1707 3869 1742 3924 et

290 3953 439 4042 proprias
463 3953 567 4018 scalas
590 3952 726 4037 habent,
750 3975 885 4041 quarum
909 3959 1146 4044 expositionem
1169 3961 1285 4027 melius
1308 3985 1381 4027 cum
1403 3971 1475 4027 octo
1498 3962 1583 4027 tonis
1605 3959 1741 4025 musicis

290 4056 535 4141 coniungemus.

644 4311 708 4376 DE
731 4311 850 4377 OOTO
872 4313 1006 4382 TONIS
1028 4317 1173 4403 (ΗΧΟΙΕ)
1190 4316 1383 4384 MUSICIS.

375 4464 473 4530 Nulla
494 4486 530 4528 re
554 4465 761 4551 vicissitudo,
790 4487 874 4553 quae
900 4467 987 4534 inter
1009 4491 1145 4554 graecae
1161 4480 1194 4535 et
1217 4469 1339 4535 latinae
1361 4470 1519 4538 ecclesiae
1541 4482 1644 4539 artem
1667 4493 1739 4536 mu·

290 4566 390 4640 sicam
412 4567 606 4650 intercedit,
629 4569 732 4654 magis
762 4569 934 4656 perspicua
955 4569 1009 4654 fit,
1038 4592 1133 4656 quam
1157 4571 1370 4638 similitudine
1399 4583 1472 4639 octo
1495 4585 1643 4640 tonorum
1667 4573 1740 4638 lati·

291 4688 403 4730 norum
428 4689 502 4732 cum
525 4672 709 4749 octo'tixotc
732 4670 948 4756 Graecorum3
972 4684 1070 4760 atque
1090 4675 1124 4737 in
1147 4673 1206 4738 hac
1230 4685 1338 4762 parte,
1361 4677 1448 4762 quod
1462 4698 1537 4743 raro
1553 4677 1622 4740 lieri
1646 4677 1740 4740 novi-

214 4771 218 4780 '
291 4789 361 4831 mus
368 4815 376 4848 ,
400 4766 521 4834 latinae
543 4768 700 4836 ecclesiae
723 4794 776 4836 ars
799 4785 970 4860 perspecta
992 4773 1166 4862 plurimum
1189 4775 1271 4840 lucis
1293 4777 1336 4842 ad
1351 4799 1502 4862 graecam
1517 4789 1621 4844 artem
1643 4775 1741 4865 plene
