3800 5474
279 396 345 450 LIB.
361 395 409 450 Ill.
438 395 486 450 DE
502 394 728 448 RHYTHMlClS
742 393 895 450 LEGIBUS
916 393 1112 449 cunamen
1127 393 1429 450 BYZANTINORUM.
1506 395 1632 450 LXXVII

171 551 308 628 ¹rentur.
353 538 442 621 Quin
458 541 538 606 adeo
556 541 650 626 lyrici
666 549 782 627 poetae
797 541 907 624 graeei
923 561 1054 623 versus,
1071 561 1209 626 quorum
1226 539 1325 626 pedes
1350 562 1391 604 ex
1408 541 1498 605 vario
1515 539 1635 626 pedum

185 664 304 730 genere
333 642 429 708 mixti
458 652 583 724 essent,
618 641 818 723 frequentius
847 663 944 728 quam
973 640 1151 706 versiculos
1180 639 1396 728 aequabiliter
1424 641 1633 708 decurrentes

186 765 327 831 pangere
349 743 439 810 soliti
462 752 566 808 erant.
604 739 765 822 Quamvis
787 744 873 806 enim
897 741 967 806 fieri
989 743 1149 829 potuerit,
1173 751 1209 806 ut
1231 743 1481 829 inaequabilitas
1504 743 1635 828 pedum,

185 868 268 932 quae
290 847 323 910 in
345 842 676 930 syllabis-carminum
699 843 875 930 lyricorum
897 844 1073 930 conspicua
1095 854 1159 926 est,
1176 845 1318 936 cantoris
1341 864 1421 908 voce
1435 844 1636 909 minueretur

186 958 219 1011 et
239 946 335 1033 plane
350 942 533 1026 tolleretur,
557 955 666 1009 tamen
681 966 794 1030 parurn
811 955 906 1010 caute
922 957 954 1010 et
969 946 1202 1031 circumspecte
1223 953 1336 1010 nostra
1349 947 1507 1010 memoria
1519 955 1633 1031 agunt,

186 1050 241 1136 qui
270 1071 363 1112 suum
393 1049 496 1131 magis
524 1046 695 1112 arbitrium
723 1069 820 1132 quam
849 1057 995 1111 veterum
1024 1048 1219 1134 scriptorum
1248 1045 1345 1110 fidem
1375 1049 1477 1112 secuti
1506 1069 1633 1112 omnem

186 1147 488 1236 inaequabilitatem
522 1146 643 1234 pedum
677 1147 865 1212 multifariis
900 1148 1064 1231 artificiiS,
1097 1148 1194 1213 modo
1228 1147 1447 1233 protrahendo
1475 1149 1633 1236 syllabae,

186 1251 282 1316 modo
319 1248 523 1336 corripiendo
552 1270 719 1313 removere
746 1258 916 1314 conantur.
962 1248 1084 1314 Verum
1113 1251 1198 1314 enim
1226 1271 1304 1313 vero
1341 1260 1376 1314 ut
1403 1250 1635 1336 aequabilitate

187 1353 306 1440 pedum
332 1352 427 1440 lyrici
455 1350 605 1416 versiculi
638 1371 749 1414 carere
771 1352 952 1435 potuerint,
981 1371 1092 1416 omnes
1118 1360 1225 1415 tamen
1254 1351 1322 1415 ictu
1350 1342 1440 1415 vocis
1468 1354 1503 1415 in
1525 1352 1634 1439 plures

132 1439 134 1446 Α
156 1473 157 1478 ’
185 1453 287 1540 pedes
310 1451 558 1534 dividebantur3
582 1453 749 1537 quaeritur
763 1451 880 1536 igitur,
903 1474 981 1516 num
997 1451 1250 1538 byzantinorum
1266 1473 1393 1538 quoque
1415 1455 1634 1539 tropariorum

187 1555 339 1620 versiculi
366 1575 432 1618 non
460 1545 561 1618 solum
589 1555 661 1639 pari
684 1573 817 1618 numero
845 1551 1063 1638 syllabarum,
1092 1549 1150 1617 sed
1179 1552 1277 1616 etiam
1305 1553 1426 1639 pedum
1448 1555 1634 1642 ictuumque

187 1654 400 1723 similitudine
422 1654 486 1720 sibi
508 1656 647 1719 invicem
670 1654 908 1740 responderint.

271 1759 381 1842 Atque
410 1757 551 1842 primum
579 1757 712 1842 quidem
740 1756 887 1842 quisquis
914 1755 1024 1842 plures
1053 1755 1202 1842 strophas
1230 1754 1346 1819 similis
1374 1758 1525 1822 carminis
1553 1760 1634 1842 (τῶν

185 1859 451 1941 accumulanda
471 1867 603 1922 cantore
632 1855 684 1922 vel
712 1858 955 1946 imperitissimo
983 1867 1132 1924 cantatas
1155 1855 1284 1937 audiet,
1312 1858 1465 1924 continuo
1490 1860 1628 1924 version·

186 1960 294 2028 lorum
316 1959 380 2025 sibi
402 1959 669 2045 respondentium
698 1970 804 2026 certas
830 1959 991 2046 quasdam
1019 1958 1163 2046 syllabas
1191 1958 1313 2022 maiore
1335 1958 1402 2024 ictu
1426 1961 1507 2045 erigi
1529 1962 1632 2026 anim-

189 2063 350 2126 advertet.
394 2061 530 2126 sivero
553 2059 765 2126 melodiarum
788 2059 888 2126 libros
915 2061 1111 2146 inspexerit,
1138 2061 1270 2126 easdem
1297 2058 1371 2124 illas
1399 2060 1544 2147 syllabas
1566 2063 1636 2127 fere

189 2163 312 2251 duplici
333 2171 413 2226 nota
435 2162 612 2227 instructas
629 2161 771 2242 videbit,
794 2183 932 2248 quarum
947 2161 1051 2226 altera
1064 2160 1284 2240 altitudinem,
1305 2158 1409 2226 altera
1422 2163 1636 2229 intentionem

188 2266 278 2330 vocis
301 2263 435 2328 indicat.
479 2263 589 2350 Atque
610 2265 643 2328 in
667 2285 704 2328 eo
727 2263 860 2349 quidem
881 2263 1047 2328 scribendi
1073 2283 1209 2347 genere,
1237 2283 1300 2348 quo
1322 2285 1409 2327 nunc
1430 2266 1542 2330 modos
1566 2288 1634 2330 mu-

188 2369 273 2431 sicos
296 2366 479 2452 exprimere
508 2363 628 2448 solent,
659 2363 787 2430 duabus
815 2368 902 2430 notis
931 2363 973 2430 ad
1000 2366 1100 2430 ictum
1130 2363 1219 2429 vocis
1241 2363 1452 2430 iudicandum
1489 2376 1634 2432 utuntur.

128 2537 130 2540 ,
187 2467 314 2532 Harum
337 2467 454 2546 altera,
478 2467 569 2530 cuius
585 2487 663 2530 usus
679 2467 838 2531 latissime
860 2477 964 2553 patet,
988 2468 1150 2549 ψηφιετὸν
1172 2462 1281 2546 audit,
1304 2475 1337 2530 et
1358 2464 1445 2530 idem
1460 2467 1530 2533 fere
1545 2469 1634 2555 quod

189 2568 348 2635 Italorum
370 2577 514 2632 mercato
536 2565 682 2654 valet*);
704 2569 797 2634 utin
819 2590 917 2634 versu

525 2697 692 2824 :9³³
703 2682 930 2826 &473
955 2693 1032 2820 a>
1050 2685 1236 2840 533
1253 2680 1326 2787 ἃ

541 2873 692 2935 υμνοιεα
729 2873 769 2919 ει
799 2874 907 2934 γητοιε
929 2877 1009 2937 μεγα
1077 2861 1116 2924 λυ
1153 2882 1192 2926 νο
1215 2883 1234 2927 o
1257 2881 1314 2940 μεν

186 2962 247 3026 hac
268 2970 347 3024 noia
369 2970 418 3024 ter
441 2959 547 3043 posita
569 2963 718 3018 cantores
741 2952 884 3040 syllabas
907 2980 948 3038 υμ
969 2979 1009 3040 γη
1031 2962 1070 3025 λυ
1088 2959 1328 3028 vehementiore
1344 2963 1411 3025 ictu
1426 2962 1635 3046 pronuntiare

185 3062 351 3126 iubentur.
393 3058 497 3125 Multo
520 3058 625 3122 rarius
640 3065 718 3120 nota
741 3057 868 3136 βαρείαε
889 3067 1042 3141 utuntur,
1066 3081 1160 3146 quae,
1185 3085 1257 3128 cum
1281 3062 1500 3128 descendente
1522 3063 1635 3130 modu-

186 3165 308 3229 latione
329 3161 520 3248 plerumque
542 3159 730 3239 coniuncta,
754 3158 846 3224 vocis
868 3161 1062 3244 gravitatem
1085 3163 1324 3249 significat**)3
1347 3174 1384 3229 ut
1405 3165 1439 3228 in
1460 3188 1558 3232 versu

521 3274 694 3344 2-2-
704 3277 829 3402 D]
848 3314 1081 3377 -Ὁ
1090 3288 1280 3374 (κὰ

541 3457 593 3500 και
627 3456 669 3516 χα
705 3457 759 3516 μαι
795 3458 827 3502 αι
863 3443 899 3517 Ζη
923 3442 982 3504 λον
1012 3459 1079 3520 φρο
1102 3443 1159 3518 νη’
1186 3458 1236 3517 μα.
1334 3475 1340 3487 ·

120 3549 126 3564 ·
186 3538 331 3603 secunda
353 3537 482 3624 syllaba
504 3535 655 3602 vocabuli
678 3539 873 3617 χαμαίζηλον
901 3539 1074 3622 gravitatis
1104 3549 1182 3602 nota
1210 3539 1372 3602 instructa
1395 3538 1436 3601 ad
1459 3539 1506 3602 rei
1529 3536 1634 3601 humi-

186 3640 314 3705 litatem
342 3639 587 3724 significandam
622 3641 716 3724 quasi
749 3637 848 3702 altius
876 3625 1069 3704 demittitur.
1113 3640 1287 3704 Praeterea
1321 3638 1419 3703 tertia
1444 3661 1532 3704 nunc
1559 3650 1636 3705 nota

187 3746 312 3806 musica
333 3754 484 3822 utuntur,
508 3762 591 3826 quae
607 3739 813 3804 altitudinem
828 3738 1008 3827 eademque
1030 3741 1242 3806 intentionem
1264 3741 1353 3807 vocis
1374 3740 1509 3805 indicat.
1536 3741 1635 3834 ⁸(lum

188 3845 275 3908 euim
297 3843 403 3908 tribus
425 3843 511 3907 notis
534 3844 743 3922 κεντήματοε,
773 3827 900 3920 ὀλίγον,
928 3847 1082 3922 πεταετῆε
1110 3865 1226 3908 vocem
1254 3852 1428 3907 acantore
1449 3865 1514 3908 uno
1537 3845 1636 3908 inter-

189 3943 277 4010 vallo
300 3945 487 4031 erigendam
511 3965 582 4007 osse
604 3952 772 4026 moneant,
795 3940 944 4008 ultimam
959 3952 1086 4027 notam,
1111 3943 1199 4031 quod
1221 3947 1330 4030 ipsum
1346 3965 1464 4008 nomeu
1480 3944 1635 4030 declarat,

189 4048 230 4111 iis
252 4044 331 4110 locis
353 4054 529 4131 usurpant,
563 4045 681 4130 quibus
705 4066 771 4109 vox
803 4043 917 4110 volatu
940 4045 1080 4132 quodam
1102 4044 1145 4110 ad
1168 4045 1314 4110 altiorem
1338 4045 1476 4131 gradum
1498 4045 1635 4127 feratur,

258 4317 284 4384 ’λ
302 4319 404 4371 Confer
425 4319 606 4370 Philoxenum
624 4318 806 4384 Θεωρητικὸν
828 4320 1002 4384 ετοιχειῶδεε
1025 4322 1075 4385 silc
1100 4322 1230 4385 μουεικῆε
1257 4335 1283 4385 p.
1300 4319 1346 4369 88:
1376 4317 1417 4370 Τὸ
1435 4319 1579 4383 ψηφιετὸν
1597 4317 1636 4371 cic

188 4403 258 4455 τοὺ(
277 4405 468 4470 χαρακτῆρας,
486 4403 559 4456 ὅπου
577 4403 762 4470 ὑπογραφθῇ,
781 4405 853 4457 κατὰ
869 4405 924 4470 τήν
942 4404 1044 4457 ἑαυτοῦ
1061 4403 1178 4467 δύναμιν
1196 4403 1242 4456 καί
1261 4402 1404 4468 ἐνέργειαν
1416 4402 1490 4456 θέλει
1509 4403 1544 4456 να
1560 4403 1636 4470 δείξῃ

190 4485 230 4541 eit
250 4487 355 4540 αὐτοὺ(
373 4486 493 4552 δύναμιν
509 4504 573 4541 τινα
591 4489 636 4542 καλ
654 4488 822 4556 Ζιυηρὸτητα
840 4488 924 4541 έκτὸε
940 4491 993 4554 τῆς
1019 4491 1140 4554 φυσικῆε
1159 4487 1308 4554 ὁὶὺτητοε,
1331 4487 1367 4554 ἣν
1385 4488 1440 4554 ἔχει
1459 4487 1475 4540 ὁ
1494 4489 1637 4555 χαρακτήρ

190 4571 308 4626 ἐκεῖνος.

260 4657 300 4721 n)
320 4657 485 4710 Philoxenus
504 4659 567 4709 ibid.
588 4676 611 4724 p.
631 4659 676 4710 87:
697 4657 727 4709 'li
742 4655 793 4720 μέν
811 4659 907 4721 βαρεῖα
925 4657 998 4710 θέλει
1017 4658 1052 4710 vd
1071 4657 1248 4724 προφέρηται
1268 4659 1338 4723 μετὰ
1357 4659 1457 4726 βάρου(
1476 4657 1492 4710 ὁ
1511 4657 1637 4722 φθόγγοι

190 4745 244 4795 τοῦ
263 4743 453 4808 χαρακτῆρσι,
472 4741 545 4794 ὅπου
563 4747 651 4794 κεῖται
669 4741 826 4807 ἔμπροεθέν
843 4757 909 4807 τηε,
933 4741 1005 4794 rbere
1027 4743 1062 4795 vd
1086 4741 1259 4809 διακρλνηται
1281 4743 1299 4806 ἡ
1319 4742 1466 4810 Ζωηρότηε
1484 4758 1535 4794 του
1552 4741 1637 4794 rotor

191 4828 250 4880 ἀπὸ
268 4827 320 4878 τὸν
339 4827 512 4894 ἡγούμενον,
532 4829 598 4880 δεον
615 4828 660 4880 καλ
678 4826 737 4879 ἀπὸ
756 4827 808 4878 τὸν
827 4827 977 4892 ἑπόμενον.
