3800 5474
387 386 451 440 [ΑΒ.
467 385 501 439 ll.
524 385 571 438 Da
587 338 792 440 duramnus
809 383 1008 442 GAltMlNUM
1024 385 1390 441 llCCLllSlAS'l'lCOltUM.
1533 385 1608 442 LVII

162 534 245 598 rium
273 531 464 598 Sanctorum
498 531 686 596 memoriam
716 539 957 598 conservarent.
1012 531 1135 596 Melodi
1169 541 1276 596 autem
1307 523 1479 596 christiani
1508 533 1542 595 in
1571 553 1609 596 eo

161 634 426 714 elaboraverunt,
460 642 497 696 ut
529 655 587 696 sua
620 633 737 719 cuique
768 632 834 696 diei
866 633 950 697 festo
984 633 1128 720 troparia
1157 643 1190 698 et
1217 655 1356 698 canones
1389 643 1609 720 suppeterent.

161 738 270 823 Atque
293 733 433 822 primum
455 735 584 822 quidem
608 733 675 798 diei
690 734 872 800 dominicae
888 743 920 798 et
935 735 1181 822 praecipuarum
1196 735 1437 800 solemnitatum
1460 733 1609 800 herilium

161 837 270 902 officia
292 836 521 917 instituerunt,
551 844 665 923 postea
691 845 799 902 autem
822 835 865 900 ad
887 836 1047 922 profestos
1077 836 1146 900 dies
1175 835 1391 901 hebdomadis
1414 847 1447 901 et
1469 839 1610 902 minores

161 938 383 1006 solemnitates
412 961 536 1021 annuas
566 937 691 1024 delapsi
720 959 823 1023 paene
853 938 1103 1003 innumerabilia
1126 939 1269 1002 earmina
1292 936 1514 1004 ecclesiastica
1536 959 1609 1024 pro-

162 1042 333 1121 cuderunt,
350 1037 505 1102 laudabili
521 1037 717 1124 illi'qnidem
740 1039 864 1120 studio,
889 1062 926 1103 co
950 1049 1055 1104 tamen
1078 1040 1208 1104 nomine
1230 1039 1500 1126 reprehendendi,
1524 1041 1609 1127 quod

163 1141 306 1229 prolixos
336 1131 474 1204 canones
503 1163 599 1226 qnam
623 1141 737 1205 brevia
764 1141 908 1227 troparia
936 1141 1043 1204 facere
1070 1142 1249 1223 malebant,
1279 1164 1342 1228 quo
1370 1141 1441 1206 ficri
1468 1164 1532 1206 non
1556 1164 1608 1228 po·

163 1247 241 1326 tuit,
271 1241 350 1329 quin
377 1240 507 1306 casdem
536 1263 587 1304 res
618 1243 735 1306 iterum
764 1243 945 1328 iterumque
978 1253 1189 1329 recoquerent
1216 1242 1453 1328 verborumque
1481 1245 1608 1309 inanem

160 1345 332 1432 strepitum
354 1353 566 1409 sectarentur.

247 1447 442 1512 Divinarum
466 1443 646 1511 officiorum
662 1445 818 1510 ccclesiae
833 1467 971 1530 graecae
992 1445 1146 1533 partibus
1162 1446 1328 1510 succincta
1350 1446 1496 1512 oratione
1517 1467 1609 1512 enar·

161 1551 242 1614 ratis
264 1549 351 1613 viam
374 1546 454 1610 mihi
476 1546 618 1634 patefeci
640 1547 682 1611 ad
706 1545 834 1632 singula
856 1549 1033 1612 carminum
1057 1569 1177 1632 genera
1199 1546 1402 1613 illustranda.
1446 1547 1609 1628 Quoniam

161 1661 271 1715 autem
294 1648 387 1712 initia
410 1657 442 1711 ct
464 1651 663 1714 incrementa
685 1651 793 1735 poesis
816 1647 1055 1715 ecclesiasticae
1078 1649 1142 1712 iam
1165 1651 1272 1736 priore
1295 1647 1378 1714 libro
1401 1647 1608 1715 adumbravi·

161 1775 250 1833 mus,
274 1772 342 1814 rem
365 1753 412 1814 ita
434 1751 720 1836 pertractabimus,
750 1760 786 1815 ut
809 1749 1048 1837 alphabeticum
1070 1749 1216 1816 ordinem
1239 1752 1273 1815 in
1296 1751 1481 1816 nominibus
1505 1747 1607 1839 expli·

160 1853 275 1918 caudis
297 1873 426 1938 sequar.

246 1955 476 2020 Ἀκολουθία
498 1976 571 2019 cum
593 1977 613 2018 a
634 1954 735 2021 verbo
757 1958 815 2020 τοῦ
837 1953 1029 2020 ἀκολουθεῖν
1043 1953 1237 2036 descendat,
1261 1955 1391 2040 proprie
1413 1977 1607 2042 consequen-

161 2059 240 2121 tiam
268 2056 431 2142 quandam
459 2055 637 2140 significat,
667 2077 750 2142 quae
779 2055 891 2122 addito
919 2077 997 2120 casu
1025 2056 1178 2140 genetivo
1207 2054 1260 2120 vel
1280 2056 1416 2124 ,nomine
1444 2057 1609 2122 adiectivo

161 2159 345 2223 accuratius
374 2155 559 2222 definienda
586 2166 666 2223 erat.
711 2157 818 2242 Vulgo
846 2166 990 2244 systema
1017 2157 1181 2243 quoddam
1208 2179 1341 2244 precum
1370 2167 1402 2222 et
1429 2160 1609 2224 carminum

160 2269 250 2326 certo
273 2257 413 2345 quodam
436 2258 549 2323 ordine
571 2280 643 2323 sese
665 2259 899 2346 excipientium
921 2256 1167 2342 intellegebant,
1189 2281 1253 2345 quo
1275 2281 1373 2324 sensu
1396 2249 1609 2342 dnnprrcue'i‘n
1724 2263 1726 2268 ’

159 2362 340 2442 ἱερουργία(
362 2361 538 2426 ἀκολουθία
559 2383 579 2424 a
598 2360 778 2446 Sophronia
800 2363 835 2425 in
851 2360 976 2426 Comm.
993 2357 1102 2445 liturg.
1119 2382 1147 2423 c.
1170 2359 1187 2423 Ι
1210 2369 1241 2424 et
1263 2361 1437 2428 ἀκολουθία
1458 2365 1609 2446 ᾀκματικὴ

159 2468 219 2528 τοῦ
247 2463 340 2539 ἁγίου
370 2465 389 2527 Γ
390 2462 545 2542 ρηγορίου
571 2463 605 2525 in
628 2461 761 2526 'l'riodiu
784 2486 816 2548 p.
842 2463 902 2526 170
924 2461 1014 2526 dicta
1036 2471 1096 2526 est.
1141 2462 1305 2527 Paulatim
1326 2471 1433 2527 antem
1456 2464 1609 2549 genetivo

160 2564 282 2629 omisso
304 2563 367 2645 ipsi
391 2561 548 2628 vocabulo
571 2563 763 2643 ἀκολουθίας
785 2549 921 2628 eandem
945 2565 1012 2627 vim
1035 2565 1082 2628 ita
1104 2565 1333 2648 assignabant,
1357 2575 1393 2628 ut
1415 2565 1610 2633 ἀκολουθίαν

160 2671 219 2732 τοῦ
243 2665 376 2746 ὄρθρου,
407 2666 600 2731 ἀκολουθίαν
628 2666 805 2754 ernestone,
832 2653 1027 2732 ἀκολουθίαν
1047 2673 1113 2732 τῶν
1136 2667 1234 2746 ὡρῶν
1256 2675 1289 2731 et
1310 2665 1430 2730 similia
1452 2666 1608 2732 dicerent.

160 2767 324 2832 Graecum
358 2765 552 2830 vocabulum
578 2767 690 2832 Latini
722 2766 830 2832 medio
857 2787 938 2830 aevo
971 2767 1173 2853 sequentiam
1205 2767 1518 2854 interpretabantur,
1552 2767 1610 2832 sed

160 2867 449 2954 significationem,
474 2868 566 2931 utin
588 2867 767 2954 peregrinis
791 2869 901 2934 verbis
922 2890 986 2932 usu
1008 2869 1115 2949 venit,
1143 2868 1241 2955 paulo
1263 2869 1511 2955 detorquebant.
1555 2869 1610 2934 Illi

161 2970 248 3034 enirn
271 2969 454 3054 sequentias
477 2971 617 3056 primum
639 2969 821 3034 melismata
848 2967 1097 3054 intellegebant,
1121 2970 1239 3056 quibus
1261 2971 1296 3034 in
1317 2971 1419 3034 missa
1441 2980 1513 3057 post
1535 2993 1608 3057 gra-

160 3070 257 3136 duale
280 3079 459 3136 extremam
482 3068 642 3155 syllabam
666 3069 759 3136 iubili
783 3069 914 3136 alleluia
938 3070 1183 3159 protrahebant,
1207 3071 1326 3136 deinde
1348 3072 1502 3155 carmina,
1526 3095 1609 3158 quae

160 3171 390 3238 modulationis
413 3171 501 3236 illius
524 3171 663 3236 flexibus
686 3183 798 3259 aptata
826 3185 933 3255 erant,
961 3173 1046 3238 conf.
1069 3173 1109 3239 F.
1131 3172 1227 3238 Wolf
1245 3173 1355 3240 Ueber
1376 3173 1429 3238 die
1451 3175 1528 3239 Lais
1552 3176 1607 3240 Se-

161 3295 310 3360 quenzen
332 3273 400 3338 und
421 3272 543 3338 Leiche
565 3273 598 3338 S.
622 3275 672 3355 30,
696 3273 740 3338 Κ.
756 3273 893 3339 Bartsch
915 3275 980 3339 Die
1002 3273 1214 3340 lateinischen
1238 3275 1430 3362 Sequenaen
1452 3275 1509 3340 des
1532 3275 1608 3341 Mit-

160 3374 305 3441 telalters
328 3375 361 3439 S.
389 3379 400 3439 l
427 3375 460 3438 ff.
511 3375 593 3441 Cum
622 3376 723 3460 igitur
753 3375 795 3438 de
827 3375 916 3440 fonto
946 3398 1063 3462 graeco
1096 3375 1233 3441 latinum
1266 3375 1462 3443 vocabulum
1495 3377 1609 3461 procul

4 3473 11 3482 ’
72 3545 76 3552 ,
160 3476 262 3542 dubio
277 3464 495 3559 descenderit,
513 3475 689 3560 Durandus
706 3479 739 3540 in
754 3477 917 3541 Rationali
934 3476 994 3558 IV,
1010 3474 1188 3562 nuntiique
1203 3489 1362 3559 errarunt,
1378 3479 1434 3561 qui
1450 3478 1607 3560 originem

160 3578 295 3644 latinam
318 3579 454 3644 scrutati
477 3579 680 3665 sequentiam
694 3576 771 3642 inde
787 3576 906 3642 dietam
923 3599 994 3642 esse
1010 3576 1237 3665 opinabantur,
1253 3577 1339 3664 qnod
1355 3577 1451 3643 iubili
1466 3600 1607 3664 pneuma

158 3678 315 3766 graduale
337 3690 370 3745 ct
392 3678 563 3766 epistolam
585 3688 785 3766 sequeretur.

244 3783 479 3862 Ἀναβαθμοὶ
511 3782 574 3845 tria
599 3780 794 3868 antiphona,
829 3803 871 3846 ex
892 3781 980 3848 binis
1008 3780 1207 3868 psalmorum
1235 3767 1387 3848 versibus
1416 3791 1446 3847 et
1474 3781 1608 3867 singulis

157 3883 313 3970 tropariis
329 3883 522 3964 constantia,
540 3882 703 3965 dicuntur,
720 3905 802 3969 quae
816 3885 849 3948 in
866 3882 982 3948 officiis
1005 3885 1172 3948 matutinis
1195 3885 1383 3970 (ἀκολουθίᾳ
1398 3889 1457 3950 τοῦ
1472 3883 1609 3966 ὄρθρου)

158 3985 382 4050 recitationem
405 3983 604 4070 psalmorum
627 3994 817 4071 sequnntur.
859 3986 986 4050 Nomen
1001 3985 1195 4067 ἀναβαθμῶν
1216 3986 1274 4051 illa
1294 3985 1473 4072 antiphona
1494 3987 1609 4052 sortita

158 4097 251 4167 sunt,
274 4085 361 4172 quod
384 4107 500 4150 versus
523 4106 565 4149 cx
587 4084 722 4172 psalmis
745 4087 910 4152 119-133
931 4087 1052 4175 sumpti
1073 4098 1165 4170 sunt,
1189 4089 1244 4174 qui
1264 4086 1382 4173 psalmi
1402 4087 1437 4150 in
1457 4089 1608 4153 versione
1627 4154 1630 4160 ,

158 4186 387 4253 Alexandrina
415 4189 495 4271 ᾠδαὶ
521 4193 587 4254 τῶν
615 4187 808 4270 ἀναβαθμῶν
830 4189 983 4270 audiunt,
1011 4210 1108 4272 quem
1135 4188 1266 4275 quidem
1292 4187 1424 4254 titulum
1450 4186 1529 4252 inde
1551 4189 1606 4253 ob·

156 4289 344 4380 tinuernnt,
379 4288 467 4375 qnod
494 4288 581 4376 apud
611 4287 750 4355 Iudaeos
778 4292 811 4354 in
838 4289 1024 4376 quindecim
1053 4289 1149 4354 scalis
1156 4338 1165 4372 ,
1194 4311 1278 4376 qnae
1305 4290 1347 4354 de
1374 4287 1546 4354 mulierum
1573 4290 1608 4353 in

156 4390 304 4454 virorum
331 4389 532 4455 vestibulum
560 4389 792 4474 traducebant,
826 4392 948 4457 cantati
976 4411 1047 4455 esse
1074 4390 1233 4455 ferrmtur.
1282 4391 1362 4455 Tria
1388 4399 1499 4457 antem
1523 4391 1606 4456 auti-

155 4491 268 4580 phona
294 4491 593 4577 coniungebentnr,
619 4500 659 4557 ‚ut
687 4476 836 4558 similiter
862 4503 961 4579 atque
989 4479 1183 4557 exclamatio
1211 4492 1302 4570 ἀγιο(
1331 4503 1381 4556 ter
1407 4493 1548 4577 repetita
1575 4501 1607 4558 et

154 4595 322 4682 tripertita
348 4592 542 4678 stichologia
569 4593 670 4658 officii
697 4594 848 4659 matutini
876 4595 1049 4679 imaginem
1083 4593 1136 4658 dei
1170 4594 1325 4659 trinitatis
1353 4594 1522 4660 referrent.
1567 4593 1607 4658 In

155 4694 324 4761 Oetoecho
352 4717 424 4759 cum
453 4704 525 4759 octo
554 4695 731 4777 ἀναβαθμοὶ
757 4705 829 4761 octo
852 4706 1001 4761 tonorum
1024 4697 1142 4780 (ἤχων)
1165 4705 1311 4778 exstent,
1339 4697 1436 4762 unius
1458 4697 1527 4761 toni
1550 4717 1605 4761 ex-

154 4793 343 4882 exemplum
372 4797 405 4859 in
432 4795 493 4862 hac
521 4795 707 4880 anthologia
729 4819 761 4884 p.
783 4799 824 4864 53
846 4819 895 4884 sq.
919 4818 1098 4884 proponere
1121 4797 1202 4862 satis
1225 4796 1408 4864 habuimus.
1452 4799 1606 4863 Latinum
