3800 5474
345 353 411 408 LIB.
427 353 461 408 II.
490 353 538 408 DII
554 352 759 410 cessemus
775 353 971 409 CARMINUM
987 351 1354 410 EGCLESIAS'I'ICORUM.
1508 354 1597 410 LXIII
1671 329 1676 339 ι

143 507 181 564 ut
203 497 245 561 de
267 498 302 563 vi
323 499 421 584 atque
444 497 682 584 significatione
703 499 856 566 vocabuli
880 497 1053 582 disseram,
1083 521 1238 564 canonem
1268 498 1413 586 amplum
1437 501 1598 566 unacum

143 621 261 665 novem
291 599 344 664 vel
373 609 445 665 octo
474 599 554 665 odas
582 600 800 688 complectens
827 599 1040 686 intellegunt,
1072 622 1156 687 quae
1183 623 1301 666 novem
1329 601 1412 666 odae
1439 623 1503 666 non
1531 611 1598 667 tam

144 703 317 767 sententiis
338 702 374 765 in
396 721 499 766 unum
520 699 631 766 orbem
647 700 840 768 coeuntibus
857 723 954 790 quam
970 711 1045 767 tono
1059 703 1156 789 (ἤχῳ)
1172 704 1317 768 omnium
1340 703 1502 768 communi
1523 725 1599 769 con-

144 803 326 888 iunguntur
352 811 451 889 atque
478 802 680 890 copulantur.
733 803 835 869 Cuius
866 805 952 868 enim
982 805 1050 870 toni
1079 805 1203 891 primae
1231 803 1314 870 odae
1336 803 1513 871 modulatio
1536 814 1598 888 est,

145 905 292 970 eiusdem
321 893 464 969 omnium
494 903 691 992 reliquarum
719 914 811 986 sunt,
840 904 927 969 unde
956 927 1016 970 usu
1044 907 1151 987 venit,
1179 915 1217 971 ut
1243 906 1345 970 fronti
1373 907 1506 972 canonis
1529 909 1600 972 toni

143 1008 270 1071 notatio
292 1006 499 1092 praefigatur.
537 1005 710 1070 Praeterea
731 1003 819 1070 haud
842 1027 914 1070 raro
931 1027 1004 1071 eum
1019 999 1157 1071 alioruin
1171 1016 1350 1095 poetarum,
1365 1016 1435 1072 tum
1451 1000 1600 1091 Cosmus,
1628 1085 1633 1104 ν

144 1107 295 1189 Ioannis,
318 1105 466 1194 Iosephi,
489 1105 699 1193 Theophanis
714 1127 875 1173 canonum
897 1117 1006 1194 partes
1028 1107 1245 1174 acrostichide
1267 1109 1314 1172 ita
1336 1118 1599 1192 concatenantur,
1696 1095 1702 1104 ⁴

145 1221 182 1276 ut
204 1210 319 1274 literae
340 1207 483 1273 initiales
506 1209 650 1274 omnium
672 1219 730 1272 aut
752 1210 971 1296 tropariorum
998 1219 1056 1274 aut
1078 1229 1232 1274 versuum
1255 1208 1347 1293 (vids
1369 1209 1502 1274 Ioannis
1525 1231 1599 1275 can.

145 1312 173 1376 Ι.
189 1310 236 1376 ΙΙ.
252 1309 322 1396 III)
340 1318 396 1375 aut
412 1307 655 1375 theotokiorum
672 1312 718 1394 (v.
734 1332 767 1397 p.
782 1309 898 1392 LXII)
913 1332 1009 1375 unam
1025 1312 1220 1376 sententiam
1243 1309 1390 1376 efficiant
1405 1309 1458 1376 vel
1480 1313 1598 1376 seriem

144 1411 313 1477 literarum
340 1409 507 1497 alphabeti
534 1411 749 1494 (dspomxlbu
770 1413 843 1477 κατ’
867 1411 1070 1496 ἀλφὰβητον)
1097 1410 1289 1500 compleant.
1333 1411 1498 1492 Nonarius
1520 1433 1599 1478 vero

145 1513 282 1579 odarum
297 1533 449 1578 numerus
461 1535 535 1578 cum
550 1533 669 1578 novem
681 1513 818 1578 canticis
830 1533 995 1578 sacrorum
1011 1512 1169 1579 librorum
1179 1511 1340 1596 cohaeret,
1352 1514 1471 1601 quibus
1482 1535 1599 1580 novem

144 1615 282 1680 canticis
298 1635 416 1680 novem
431 1615 565 1680 canonis
580 1614 662 1680 odae
678 1623 850 1680 contextae
865 1624 952 1680 sunt.
976 1614 1102 1680 Novem
1113 1625 1223 1680 autem
1233 1615 1430 1680 illabantica
1442 1616 1597 1683 suntMs·

143 1716 256 1780 riamis
272 1725 347 1803 post
360 1715 496 1781 mbram
509 1737 598 1780 marc
611 1715 753 1780 feliciter
763 1717 934 1781 traiectum
948 1715 1067 1798 (Exod.
1080 1716 1173 1802 XV),
1187 1717 1289 1782 blosis
1302 1717 1456 1805 populum
1468 1717 1598 1782 Israeli-

143 1827 251 1882 tarum
273 1837 425 1904 supremo
446 1818 534 1882 vitae
550 1817 611 1883 'die
626 1816 829 1882 exhortantis
845 1816 1090 1902 (Deuteronom.
1106 1817 1175 1903 32),
1197 1818 1314 1883 Annae
1329 1829 1403 1905 post
1417 1817 1598 1886 Samuelem

143 1916 248 1984 filium
262 1929 374 1984 natum
391 1917 569 1984 exultantis
583 1919 678 2004 (Reg.
692 1917 719 1999 Ι,
731 1919 777 2004 2),
794 1917 988 1989 Habhacuci
1004 1917 1184 1986 Salvatoris
1199 1918 1343 1985 futuram
1357 1921 1498 2006 grauem
1513 1921 1597 1986 divi-

144 2021 255 2086 nantis
277 2017 402 2104 (Hahb.
425 2020 479 2103 3),
507 2019 632 2085 Iesaiae
659 2018 764 2084 lucem
792 2021 937 2085 iustitiae
964 2021 1165 2085 exorientem
1186 2021 1406 2108 praedicantis
1428 2021 1507 2104 (les.
1529 2022 1598 2107 26),

144 2121 247 2186 Ionae
273 2121 372 2186 tertio
400 2121 455 2185 die
482 2142 502 2185 a
530 2131 674 2188 monstro
703 2122 828 2187 marino
856 2122 988 2208 exsputi
1015 2120 1103 2207 (Ion.
1125 2123 1177 2208 3),
1205 2123 1304 2187 trium
1336 2143 1511 2210 puerorum
1543 2123 1598 2188 dei

148 2221 311 2286 auxilium
332 2221 576 2309 implorantium
599 2223 700 2307 (Dan.
722 2223 758 2308 3)
782 2221 1022 2309 eorundemque
1044 2225 1078 2288 in
1100 2223 1207 2289 medio
1229 2225 1306 2309 igne
1333 2233 1599 2290 conservatorum

146 2321 270 2409 (ibid),
293 2322 434 2410 denique
456 2323 581 2389 Mariae
603 2335 678 2411 post
699 2323 822 2389 laetum
843 2325 992 2390 nuntium
1015 2347 1035 2389 a
1057 2323 1213 2390 Gabriele
1235 2323 1351 2412 angelo
1373 2334 1544 2412 acceptum
1566 2337 1599 2391 et

146 2424 325 2490 Zachariae
346 2435 420 2512 post
441 2424 596 2491 Ioannem
619 2425 723 2490 lilium
738 2435 933 2513 prognatum
950 2424 1046 2510 (Luc.
1064 2429 1096 2512 1)
1112 2425 1303 2492 laetantium
1325 2437 1358 2492 et
1379 2426 1597 2494 iubilantium.

145 2524 239 2590 Haec
259 2525 360 2611 igitur
382 2528 526 2610 cantica,
550 2547 633 2614 quae
656 2549 730 2592 cum
751 2527 895 2613 quinque
915 2524 991 2591 aliis
1013 2527 1189 2593 coniuncta
1208 2529 1243 2592 in
1265 2528 1489 2596 vetustissimo
1511 2527 1598 2615 psal·

145 2628 228 2692 terio
258 2625 380 2692 codicis
407 2627 625 2694 Alexandrini
653 2637 801 2711 exstant,
828 2630 864 2693 in
891 2649 1017 2693 summo
1044 2628 1166 2696 honore
1193 2629 1281 2717 apud
1303 2629 1498 2696 christianos
1521 2630 1598 2694 inde

145 2750 166 2792 a
187 2729 412 2794 remotissimis
436 2729 636 2819 temporibus
658 2728 878 2811 habebantur,
901 2740 935 2796 ct
956 2729 1046 2795 cultu
1074 2729 1186 2796 divino
1214 2732 1277 2796 rite
1304 2731 1455 2798 instituto
1478 2740 1514 2805 et
1532 2731 1597 2798 dis·

145 2829 253 2916 posito
275 2831 415 2918 primum
437 2831 471 2896 in
493 2830 603 2896 officio
619 2839 794 2914 nocturno,
817 2840 931 2919 postea
945 2833 1106 2900 matutino
1121 2834 1346 2903 cantabantur.
1378 2833 1489 2920 Atque
1503 2841 1598 2900 sexto

146 2929 280 3018 quidem
294 2931 423 2998 saeculo
437 2931 499 2998 hoc
514 2935 562 2998 ita
576 2932 763 2998 institutum
778 2931 888 3016 luisse,
906 2932 1068 3020 colloquio
1082 2935 1180 2998 trium
1194 2933 1351 3000 abbatum
1367 2935 1412 3016 (v.
1429 2957 1461 3020 p.
1478 2933 1597 3015 XXX)

146 3031 310 3115 docemur,
333 3035 388 3121 qui
410 3055 528 3099 novem
556 3032 615 3098 has
642 3033 721 3098 odas
750 3033 901 3100 similiter
923 3042 1021 3120 atque
1044 3033 1243 3128 psulmcsin
1264 3044 1331 3101 tres
1353 3045 1463 3123 partes
1485 3035 1598 3122 partiti

145 3143 222 3220 post
242 3135 371 3199 tertiam
394 3146 427 3200 et
448 3147 576 3202 sextam
603 3133 699 3200 odam
726 3155 839 3222 preces
866 3137 975 3216 Πάτερ
1000 3136 1092 3218 ἡμῶν
1114 3145 1148 3202 et
1176 3137 1269 3217 Κύριε
1296 3137 1429 3218 caeneus
1456 3138 1598 3223 interpo-

146 3245 293 3300 suerunt.
336 3234 513 3324 Postquam
540 3247 649 3302 autem
677 3257 746 3302 mos
774 3236 925 3302 versibus
953 3237 1074 3302 veteris
1096 3237 1300 3304 Testamenti
1327 3239 1471 3326 tropsria
1492 3259 1598 3302 novae

145 3337 272 3421 gratiae
296 3339 368 3420 (τῆς
388 3339 464 3406 νέα(
491 3339 635 3422 χάριτος)
670 3337 848 3404 adiiciendi
880 3338 1060 3422 increbuit,
1099 3341 1176 3404 item
1209 3361 1329 3406 novem
1360 3339 1427 3406 illis
1462 3339 1596 3404 eunucis

145 3458 265 3503 novem
292 3439 374 3503 odae
401 3440 548 3505 noviciae
574 3459 780 3505 succrescere
807 3449 994 3526 coeperunt.
1037 3440 1149 3526 Atque
1170 3441 1327 3526 primum,
1356 3449 1393 3505 ut
1415 3461 1457 3504 ex
1478 3460 1597 3524 magno

146 3559 270 3604 cunone
292 3540 445 3604 Andreae
466 3541 632 3606 Cretensis
655 3539 855 3627 colligimus,
877 3541 1026 3606 noviciae
1053 3541 1134 3606 odae
1162 3541 1234 3605 iere
1254 3549 1304 3606 tot
1330 3541 1490 3627 troparia,
1519 3547 1597 3625 quot

146 3661 261 3706 versus
283 3642 389 3706 veteri
410 3643 554 3727 cantico,
583 3651 691 3723 erant,
714 3663 791 3707 mox
812 3651 921 3708 autern
943 3661 1096 3707 numerus
1119 3641 1326 3730 stropharum
1348 3642 1394 3708 ita
1416 3641 1598 3707 diminutus

146 3752 213 3823 est,
234 3750 273 3806 ut
294 3743 449 3808 extremis
472 3742 621 3808 versibus
644 3745 843 3810 canticorum
865 3743 944 3809 solis
959 3764 1045 3809 nova
1059 3744 1204 3829 troparia
1217 3743 1466 3811 subiicerentur.
1502 3743 1597 3810 Ioan-

145 3843 197 3906 nis
220 3841 419 3908 Damasoeni
446 3865 524 3908 vero
550 3832 744 3910 auctoritate
771 3845 987 3928 factumest,
1020 3854 1058 3909 ut
1085 3843 1162 3909 inde
1189 3844 1233 3911 ab
1260 3867 1346 3913 nono
1373 3843 1502 3912 saeculo
1529 3844 1599 3910 lere

145 3944 244 4008 trinis
269 3944 412 4033 strophis
441 3966 653 4034 unaquaeque
681 3945 744 4012 oda
771 3955 945 4012 constaret.
989 3945 1116 4012 Harum
1144 3947 1250 4033 prima
1276 3948 1311 4012 in
1338 3948 1378 4014 iis
1405 3945 1597 4028 canonibus,

146 4046 306 4131 quisuis,
328 4067 393 4110 uon
407 4045 523 4112 alienis
538 4048 644 4112 modis
666 4047 855 4131 utebantur,
877 4048 998 4131 slpudc,
1021 4047 1352 4136 reliquampartem,
1375 4049 1502 4132 ultima,
1523 4069 1598 4114 cum

145 4147 261 4211 matris
277 4146 331 4212 dei
345 4145 459 4214 laudes
475 4149 670 4232 contineret,
693 4149 861 4218 θεοτοκίον
883 4149 936 4214 vel
959 4151 1245 4229 cruuooteoroxlov
1259 4150 1367 4216 dictae
1383 4160 1470 4217 sunt.
1500 4149 1597 4216 Prae·

144 4251 237 4313 terea
259 4257 402 4314 veterem
426 4270 546 4337 morem
569 4249 674 4336 secuti
696 4260 771 4337 post
791 4251 921 4317 tertiam
944 4259 977 4314 et
998 4260 1124 4315 sextam
1145 4250 1241 4316 odam
1263 4251 1424 4334 mosodia,
1452 4252 1522 4316 sive
1544 4272 1596 4316 ca-

145 4349 302 4414 thismsta
323 4350 395 4414 sive
416 4350 586 4435 contakia,
613 4352 881 4418 interseruerrmt.
926 4351 1115 4417 Sententiae
1135 4362 1244 4418 autem
1265 4354 1356 4439 ipsas
1377 4371 1497 4418 novem
1518 4350 1596 4416 oda·

144 4472 236 4533 rum,
265 4472 328 4537 quo
349 4451 550 4540 antiquiores
574 4473 712 4519 canones
735 4463 827 4536 sunt,
861 4475 899 4518 eo
921 4452 1028 4537 magis
1051 4453 1218 4518 veteribus
1240 4453 1377 4519 canticis
1399 4473 1471 4519 sese
1492 4451 1597 4540 appli-

145 4561 242 4634 cant,
264 4550 352 4617 unde
365 4553 401 4617 in
415 4553 555 4620 Cosmae
569 4552 858 4643 Hierosolymitoni
874 4564 907 4620 et
921 4553 1054 4618 Ioannis
1070 4553 1268 4620 Damasceni
1289 4555 1470 4622 canonibus
1491 4555 1597 4642 prima
1723 4597 1728 4604 -

145 4653 213 4718 oda
232 4652 324 4718 rubri
345 4655 444 4719 maris
467 4653 607 4721 feliciter
627 4656 755 4722 traiecti
777 4657 1081 4743 Aegyptiorumque
1099 4656 1134 4720 in
1156 4677 1194 4722 eo
1216 4655 1436 4743 sepultorum,
1458 4656 1598 4742 septima

143 4755 247 4820 trium
268 4777 442 4842 pueromm
464 4755 519 4822 dei
540 4756 698 4822 beneficia
720 4756 979 4845 praedicantium
995 4758 1190 4824 mentionem
1205 4757 1275 4822 fere
1289 4757 1425 4824 iaciunt.
1462 4755 1597 4824 Numeri
