3800 5474
533 397 599 452 LIB.
616 399 635 452 l.
665 393 854 452 neposne
871 392 1100 450 cantaturus
1116 391 1278 449 GRAECIS.
1522 393 1625 450 XXXV

178 566 289 610 omnes
314 535 452 632 septimo
475 543 602 608 saeculo
623 543 772 609 floruisse
793 541 1015 628 perhibentur.
1052 541 1162 626 Atque
1184 539 1359 626 Sophronii
1373 537 1627 627 'quidem-prae·

179 657 227 712 ter
249 667 353 733 parva
374 645 534 732 quaedam
563 642 717 710 idiomela
738 643 801 708 tria
822 641 971 728 longiora
993 643 1137 720 carmina
1158 643 1385 707 Anacreontea
1406 641 1558 721 metrica,
1588 641 1629 706 de

177 748 296 834 quibus
321 767 419 834 supra
441 770 473 834 p.
492 745 614 810 XXIX
636 746 702 809 iam
724 743 979 831 disputavimus,
1002 743 1111 829 Sergii
1133 743 1235 824 ὕμνον
1258 743 1442 826 aeternos,
1464 743 1520 828 qui
1543 741 1632 807 solus

177 850 334 931 innotuit,
365 849 503 914 Romani
540 845 742 912 celeberrimi
775 856 807 911 et
840 845 1065 910 fecundissimi
1093 847 1180 910 vatis
1216 843 1374 932 psalmum
1409 843 1630 932 apostolorum

177 950 238 1016 hoc
271 950 354 1016 libro
387 948 616 1016 excudendum
649 949 845 1013 curavimus.
889 948 1057 1012 Anastasii
1093 956 1219 1031 autem,
1258 949 1314 1033 qui
1350 947 1496 1012 Romano
1529 965 1632 1034 paene

176 1049 334 1136 gemellus
365 1061 399 1118 et
430 1052 502 1139 ipse
534 1049 689 1116 humilem
720 1051 903 1134 (ταπεινόν,
933 1047 1019 1114 conf.
1055 1049 1192 1114 Romani
1228 1048 1345 1136 psalmi
1381 1047 1632 1114 acrostichidem

176 1175 208 1240 p.
226 1153 302 1237 136)
317 1153 352 1216 in
373 1152 587 1218 acrostichide
610 1173 682 1218 sese
703 1151 888 1238 praedicat,
910 1173 1011 1216 unum
1033 1171 1164 1216 carmen
1185 1152 1351 1234 novimus,
1374 1153 1465 1217 cuius
1481 1151 1632 1237 strophas

175 1253 300 1341 aliquot
323 1275 365 1320 ex
387 1254 458 1320 cod.
482 1253 674 1321 Corsiniano
696 1254 787 1318 Pitra
809 1253 844 1316 in
866 1251 932 1317 Iar.
956 1251 1033 1318 eccl.
1056 1253 1167 1338 graeci
1189 1252 1265 1317 hist.
1288 1260 1322 1317 et
1343 1273 1485 1318 monum.
1508 1251 1553 1332 II,
1568 1251 1633 1316 284

177 1356 313 1443 primus·
325 1354 430 1420 edidit
451 1364 484 1421 et
505 1377 564 1421 nos
587 1366 752 1441 tamquam
773 1354 971 1442 anapaestici
987 1355 1113 1419 numeri
1132 1352 1318 1441 exemplum
1340 1353 1427 1418 infra
1447 1353 1631 1419 afferemus.

178 1458 352 1524 Praeterea
379 1456 459 1522 alios
487 1467 617 1544 poetas,
646 1454 737 1523 velut
764 1457 933 1540 Cosmum,
963 1455 1159 1542 Georgium,
1193 1455 1383 1541 (tyriacum,
1417 1455 1632 1539 Demetrium,

176 1559 305 1639 Eliam,
342 1559 525 1625 Romanum
560 1557 725 1624 melodum
761 1559 854 1643 quasi
891 1579 1009 1624 corona
1049 1557 1194 1624 cinxisse
1230 1579 1274 1622 ex
1314 1558 1373 1640 iis,
1418 1579 1500 1644 quae
1542 1556 1634 1622 Pitra

177 1660 361 1748 Hymnogr.
384 1683 417 1748 p.
440 1661 483 1726 49
515 1683 557 1726 ex
586 1670 696 1727 vetere
725 1647 908 1746 tropologio
938 1658 1060 1725 codicis
1095 1658 1282 1724 Corsiciani
1314 1657 1454 1742 rettulit,
1485 1665 1632 1745 apparet.

177 1763 243 1828 Sed
276 1765 381 1830 omnis
408 1762 489 1828 haec
517 1764 625 1848 poesis
654 1784 731 1828 mox
759 1761 842 1827 adeo
863 1763 898 1826 in
925 1761 1123 1828 oblivionem
1153 1759 1251 1842 abiit,
1284 1769 1322 1824 ut
1353 1768 1482 1846 praeter
1513 1761 1633 1826 rudera

175 1864 301 1952 aliquot
322 1864 545 1951 stropharum,
575 1885 657 1952 quae
685 1862 954 1951 subnominibus
977 1863 1155 1930 κοντακίων
1178 1870 1211 1927 et
1232 1861 1332 1928 οἴκων
1355 1863 1390 1926 in
1411 1860 1514 1926 libros
1536 1883 1631 1928 cano·

175 1967 267 2032 rricos
290 1976 438 2053 receptae
461 1967 647 2032 etiamnunc
660 1966 694 2030 in
717 1965 839 2030 honore
854 1974 944 2046 sunt,
967 1963 1123 2052 pleraque
1139 1963 1284 2028 carmina
1299 1961 1493 2028 interierint.
1530 1963 1632 2030 Aliud

177 2068 264 2133 enim
293 2067 473 2132 carminum
500 2089 603 2153 genus
630 2065 708 2131 inde
735 2067 777 2132 ab
805 2076 920 2133 octavo
948 2065 1078 2132 saeculo
1106 2088 1165 2132 suo
1194 2065 1321 2150 fulgore
1347 2073 1462 2132 vetera
1488 2067 1633 2132 carmina

176 2169 352 2236 obscurare
374 2169 496 2256 coepit,
519 2191 677 2236 canonum
700 2168 774 2235 dico
796 2171 919 2256 poesis,
943 2169 984 2234 de
1006 2167 1124 2254 quibus
1146 2170 1211 2233 iam
1232 2167 1313 2232 mihi
1328 2164 1556 2232 disserendum
1571 2177 1631 2234 est.

264 2272 413 2336 Oenones
440 2292 543 2336 nonas
569 2281 626 2336 aut
653 2281 786 2337 octonas
813 2271 893 2336 odas
920 2267 1193 2358 complectuntur,
1223 2289 1361 2356 quarum
1389 2269 1563 2356 pleraeque
1590 2291 1633 2335 ex

180 2373 286 2440 tribus
310 2372 503 2461 pluribusve
525 2371 670 2460 strophis
693 2381 856 2439 constant.
901 2372 1063 2438 Numerus
1085 2371 1222 2436 odarum
1244 2391 1318 2434 cum
1348 2391 1466 2434 novem
1494 2372 1650 2438 canticis

177 2475 279 2538 sacris
310 2473 476 2556 cohaeret,
509 2493 594 2561 quae
622 2473 791 2540 christiani
825 2474 902 2540 inde
928 2473 972 2538 ab
1000 2473 1237 2561 antiquissimis
1265 2471 1466 2559 temporibus
1494 2472 1633 2561 psallere

175 2584 422 2641 consueuerant.
466 2575 593 2641 Horum
622 2575 820 2641 canticorum
850 2576 1000 2641 versibus
1028 2595 1102 2640 cum
1130 2573 1283 2640 similiter
1308 2583 1407 2659 atque
1434 2573 1633 2662 psalmorum

176 2675 307 2762 singula
334 2677 479 2764 tropario
506 2677 757 2759 intertexerent,
785 2676 868 2742 aliae
895 2697 1014 2742 novem
1042 2677 1126 2742 odae
1152 2685 1242 2741 ortae
1269 2683 1360 2756 sunt,
1389 2696 1469 2762 quas
1498 2676 1633 2741 canonis

175 2779 309 2844 nomine
331 2776 659 2864 comprehendebant.
706 2778 782 2860 Quo
805 2787 914 2844 autem
936 2787 1081 2865 tempore
1103 2777 1183 2842 haec
1206 2798 1365 2842 canonum
1387 2778 1496 2862 poesis
1519 2778 1634 2843 florere

176 2881 338 2967 coeperit,
361 2879 434 2944 ideo
458 2878 593 2944 difficile
615 2879 658 2946 ad
681 2880 927 2946 diiudicandum
950 2889 1014 2962 ast,
1044 2878 1132 2966 quod
1153 2887 1186 2942 et
1208 2878 1347 2944 nominis
1370 2879 1502 2944 canonis
1525 2879 1633 2944 multi-

176 2982 280 3048 fariae
313 2980 568 3066 significationes
605 2989 698 3047 erant
730 2991 763 3047 et
794 2984 992 3048 recentiores
1026 2982 1216 3068 scriptores,
1254 2981 1282 3045 si
1317 3000 1397 3066 quos
1435 2981 1633 3047 carminibus

176 3081 408 3174 ecclesiasticis
436 3080 601 3148 studuisse
629 3093 838 3169 acceperant,
867 3083 932 3148 alia
959 3083 1104 3148 carmina
1133 3103 1230 3168 quam
1258 3082 1403 3170 tropario
1432 3090 1465 3147 et
1492 3103 1632 3148 canones

174 3205 241 3248 non
256 3181 500 3268 intellegebant.
536 3184 647 3270 Atque
662 3185 755 3250 Pitra
769 3184 918 3272 quidem,
941 3207 1015 3249 cum
1030 3185 1206 3251 Pambonis
1226 3183 1425 3272 discipulum
1441 3181 1476 3247 in
1492 3183 1631 3249 ecclesia

176 3283 404 3350 Alexandrina
436 3285 580 3370 troparia
607 3294 641 3350 et
667 3307 808 3352 canones
841 3295 988 3352 cantatos
1016 3287 1159 3352 audiisse
1187 3296 1220 3352 et
1247 3283 1386 3350 Paulum
1418 3283 1570 3350 abbatem
1599 3285 1634 3348 in

175 3385 364 3452 Nitrearum
386 3384 511 3452 cellulis
534 3407 592 3450 sua
614 3387 758 3474 tropario
780 3397 813 3452 et
834 3409 974 3454 conones
996 3387 1183 3453 desiderare
1207 3387 1265 3471 (cf.
1281 3409 1312 3472 p.
1328 3383 1466 3469 XXXI)
1489 3382 1634 3470 legisset,

176 3483 286 3552 dicere
308 3509 373 3552 non
396 3486 562 3552 dubitauit
584 3510 743 3554 canonum
770 3498 869 3554 cantu
897 3489 962 3551 iam
990 3497 1104 3572 quarto
1127 3485 1256 3552 saeculo
1280 3486 1475 3550 christianos
1497 3507 1632 3570 graecos

177 3587 355 3654 delectatos
384 3610 466 3652 esse.
516 3591 563 3653 At
589 3589 666 3654 huic
693 3590 837 3678 opinioni
854 3627 856 3634 ·
871 3587 991 3654 multae
1021 3596 1053 3652 et
1081 3589 1294 3672 gravissimae
1328 3607 1381 3650 res
1414 3585 1632 3672 refragantur.

176 3690 323 3754 Primum
338 3689 423 3754 enim
440 3689 594 3770 omnium,
616 3711 688 3754 cum
704 3689 878 3756 latinorum
893 3709 1051 3754 canonum
1067 3689 1157 3754 nulla
1172 3690 1312 3774 vestigia
1327 3697 1473 3771 exstent,
1496 3709 1632 3774 graecos

175 3811 316 3864 canones
340 3799 409 3855 tum
430 3789 562 3855 domum
584 3801 671 3858 ortos
694 3814 768 3856 esse
792 3790 967 3856 verisimile
990 3801 1055 3873 est,
1079 3813 1153 3855 cum
1175 3790 1296 3856 latinae
1318 3799 1350 3856 et
1371 3811 1508 3875 graecae
1531 3791 1631 3856 eccle·

175 3893 246 3956 siae
279 3893 472 3958 commercia
503 3891 588 3958 solvi
620 3902 734 3978 coepta
766 3901 851 3957 sunt.
896 3891 1078 3978 Troporum
1111 3903 1215 3977 certe,
1249 3913 1330 3979 quos
1358 3891 1471 3978 quinto
1501 3892 1631 3956 saeculo

175 3993 457 4081 Constantinopoli
486 3993 634 4058 floruisse
662 4003 805 4074 constat,
835 4003 866 4058 et
888 4015 983 4058 usum
1012 4003 1044 4058 et
1071 4017 1188 4059 nomen
1215 3993 1395 4060 aGraecis
1424 3993 1466 4057 od
1496 3994 1631 4058 Latinos

174 4103 389 4182 propagatum
405 4117 476 4160 esse
492 4095 653 4161 novimus.
689 4095 821 4160 Deinde
837 4096 870 4159 in
885 4094 1047 4182 colloquio
1069 4095 1168 4161 trium
1190 4094 1345 4160 abbatum
1368 4115 1466 4180 supra
1480 4117 1512 4180 p.
1525 4093 1631 4158 XXX

173 4195 294 4278 relato,
328 4219 391 4282 quo
421 4197 540 4282 quibus
574 4197 755 4261 carminum
787 4195 960 4282 generibus
993 4208 1089 4263 sexto
1118 4197 1246 4262 saeculo
1274 4196 1444 4260 christiani
1471 4195 1523 4258 usi
1552 4195 1630 4277 sint,

174 4296 339 4380 docemur,
361 4309 394 4362 et
416 4319 532 4362 nomen
554 4299 694 4364 κανόνος
715 4297 780 4362 alia
802 4298 1041 4383 significatione
1056 4305 1248 4383 usurpatum
1272 4307 1335 4378 est,
1358 4305 1391 4360 et
1406 4294 1553 4358 mesodia
1566 4317 1631 4362 non

173 4399 325 4464 omnibus
347 4419 464 4464 novem
487 4400 622 4463 canticis
646 4402 746 4464 sacris
769 4398 988 4480 subiicienda,
1012 4398 1069 4463 sed
1093 4399 1190 4464 tertio
1212 4406 1338 4464 teatrum
1362 4404 1394 4461 et
1416 4403 1510 4461 sexto
1533 4396 1632 4460 inter·

173 4499 318 4564 texenda
350 4501 653 4565 commemorantur.
703 4499 854 4588 Denique
883 4500 1057 4586 plurimum
1090 4500 1195 4581 valet,
1225 4498 1312 4584 quod
1346 4519 1451 4584 neque
1481 4497 1630 4564 Anthimi

173 4621 281 4688 neque
302 4601 456 4666 Timoelis
485 4624 590 4688 neque
617 4602 756 4666 Romani
784 4623 889 4688 neque
915 4600 999 4665 alius
1028 4623 1070 4664 ex
1098 4599 1332 4668 uetustioribus
1360 4599 1466 4687 poetis
1489 4619 1630 4664 canones

174 4712 308 4770 exstant
337 4713 394 4768 aut
422 4705 664 4769 commemorati
692 4703 913 4768 inveniuntur.
958 4702 1052 4782 Quae
1080 4723 1153 4768 eum
1180 4703 1227 4766 ita
1254 4702 1336 4785 sint,
1365 4698 1631 4787 interpolatorem

173 4805 403 4891 nescioquem
431 4803 682 4872 narratiunculis
705 4802 771 4870 illis
794 4803 835 4869 de
857 4803 1024 4884 Pambone
1050 4804 1217 4892 Aegyptio
1245 4810 1278 4867 et
1305 4801 1407 4867 Paulo
1435 4801 1631 4890 Cappadoce

1383 4927 1399 4966 0
1408 4905 1423 4940 ἱ
