3800 5474
323 385 370 439 xc
640 345 643 352 ¹
904 383 1186 440 rnonscousns.
1248 339 1252 348 ¹

269 509 274 518 ¹
323 531 484 596 tenuitate
512 531 572 595 vix
600 531 749 611 recedat,
778 531 831 595 hic
860 529 947 596 flecti
976 539 1008 595 et
1034 528 1200 596 modulate
1228 532 1351 596 moveri
1378 530 1497 616 coepit.
1542 529 1774 596 Olausulerum

323 642 433 698 autem
455 633 490 696 in
512 632 720 696 brevioribus
750 630 899 697 melodiis
927 634 1110 715 (cuvrdport
1131 633 1260 714 μέλεα),
1285 653 1389 719 neque
1412 633 1441 696 ai
1468 653 1638 712 numeros,
1666 654 1775 717 neque

323 733 352 798 si
380 757 476 799 sonos
506 743 711 820 spectamus,
739 755 859 818 magna
880 734 1024 798 varietas
1053 741 1138 817 erat3
1173 733 1314 821 plurima
1340 732 1391 798 his
1420 732 1596 798 schematis
1625 753 1773 821 compre·

322 834 526 902 henduntur:

767 953 780 987 V
887 953 900 987 V
1041 953 1054 986 V

779 985 938 1054 1¹1⁸·

757 1057 903 1155 ςθό

919 1022 939 1100 d

474 1172 675 1260 trisyllabae·
753 1157 848 1274 ,llol
906 1123 1044 1276 Lllp'a
1094 1123 1214 1274 dm

1337 1292 1351 1325 v

766 1292 779 1326 V
953 1293 966 1326 V

478 1344 708 1430 ππππππ
765 1328 894 1445 rura
943 1327 1081 1446 aaut
1123 1293 1294 1445 'auru
1377 1325 1532 1443 uun

323 1536 538 1600 unaquaeque
566 1524 676 1580 autem
705 1512 853 1580 clausula
879 1514 968 1601 quod
991 1514 1087 1579 modo
1109 1515 1277 1596 breviore,
1305 1513 1401 1578 modo
1424 1512 1601 1601 prolixiore
1624 1513 1771 1580 modula-

323 1616 411 1681 tione
433 1638 590 1704 expressa
612 1626 677 1697 est,
700 1615 762 1682 hoc
785 1639 858 1681 cum
881 1615 1071 1680 discrimine
1092 1616 1251 1697 colorum,
1282 1637 1365 1702 quae
1392 1617 1530 1700 priorem
1554 1614 1607 1680 vel
1629 1616 1771 1682 medium

323 1727 489 1781 eteorum
512 1739 596 1803 quae
619 1725 801 1782 extremum
829 1718 956 1803 periodi
984 1716 1090 1782 locum
1118 1717 1281 1802 obtinent,
1309 1717 1475 1798 cohaeret,
1503 1739 1568 1803 qua
1595 1715 1637 1781 dc
1663 1739 1700 1783 re
1722 1739 1769 1782 sc-

324 1819 436 1904 quonti
459 1821 566 1905 capite
588 1820 693 1884 fusius
715 1817 965 1904 disputabimus.

292 1913 296 1922 ’
408 1919 506 1986 Hunc
529 1920 630 2005 igitur
643 1918 870 1985 clausularum
897 1930 1091 1986 concentum
1111 1922 1319 2009 praecipuam
1342 1920 1446 2006 legem
1469 1922 1549 1986 artis
1572 1921 1771 2007 byzantinac

323 2044 395 2086 csse
417 2022 544 2103 monui,
567 2022 767 2108 eandemque
788 2022 831 2086 ab
847 2033 917 2086 arte
939 2033 1084 2088 veterum
1107 2032 1275 2111 poetarum
1298 2045 1486 2108 graecorum
1516 2022 1770 2110 haudquaquam

322 2122 497 2188 abhorrere
519 2121 637 2188 iudico.
682 2124 791 2210 Atque
818 2123 880 2204 hpc
906 2125 1037 2218 quidem
1065 2125 1098 2190 in
1122 2123 1293 2212 propatulo
1317 2135 1381 2205 est,
1411 2126 1475 2188 tria
1503 2145 1586 2210 quae
1614 2125 1769 2211 proposui

322 2222 541 2290 clausularum
584 2247 705 2310 genera
745 2226 916 2312 aptissima
957 2248 1029 2292 esse
1067 2226 1216 2292 versibus
1260 2227 1449 2306 veteribus,
1496 2223 1586 2289 velut
1628 2226 1770 2312 primum

324 2325 487 2414 dactylico
523 2325 728 2403 hexametro,
768 2327 933 2414 Sapphico
969 2327 1268 2415 hendecasyllabo,
1306 2328 1510 2414 paroemiaco
1547 2329 1770 2412 anapaestico,

236 2475 240 2486 .
322 2427 461 2493 alterum
484 2428 629 2494 trimetro
653 2428 810 2510 iambico,
834 2429 998 2494 trochaico
1014 2432 1215 2516 septenario,
1239 2431 1438 2507 dochmiaco,
1461 2429 1594 2494 tertium
1610 2428 1767 2494 choriam-

322 2531 406 2595 bicis
435 2530 585 2595 versibus
614 2539 648 2594 et
673 2529 869 2615 galliambis.
919 2529 997 2596 Plus
1026 2533 1091 2596 ianr
1120 2531 1203 2597 illud
1231 2527 1336 2615 valet,
1370 2531 1457 2618 quod
1485 2539 1612 2597 veteres
1641 2551 1770 2616 quoquc

323 2631 444 2696 Graeci
475 2632 686 2718 praecipuum
719 2641 889 2696 accentum
922 2632 964 2697 ab
997 2634 1133 2698 exordio
1166 2656 1283 2700 versus
1315 2654 1483 2696 removere
1516 2645 1769 2713 consueverunt,

323 2732 357 2796 id
380 2731 468 2819 quod
496 2749 568 2796 cum
597 2755 638 2798 ex
667 2733 796 2798 duobus
818 2733 942 2798 ultimis
965 2733 1104 2822 pedibus
1129 2757 1244 2800 versus
1267 2733 1422 2822 dactylici
1451 2736 1498 2799 ita
1520 2757 1540 2797 a
1561 2732 1770 2819 politioribus

323 2834 427 2920 poetis
450 2833 561 2898 latinis
591 2834 659 2898 fere
687 2836 893 2922 compositis,
923 2846 958 2901 ut
987 2839 1071 2902 ictus
1101 2858 1215 2904 versus
1245 2858 1317 2900 cunr
1340 2846 1476 2901 accentu
1500 2835 1673 2900 verborum
1695 2857 1769 2900 con·

322 2936 446 3000 cineret
454 2982 463 3014 ,
486 2944 555 2999 turn
577 2959 619 3000 cx
641 2938 762 3002 maiore
784 2936 917 3002 licentia
939 2939 1035 3025 primi
1059 2939 1151 3025 pedis
1175 2937 1370 3004 aeolicorum
1394 2949 1427 3004 et
1441 2937 1675 3025 glyconeorum
1699 2959 1768 3001 vcr-

322 3058 418 3101 suum
441 3047 586 3123 apparet.
630 3039 715 3102 Nam
738 3039 765 3102 si
789 3049 904 3122 poetae
926 3041 1036 3124 graeci
1059 3039 1164 3105 ordini
1181 3039 1384 3125 logaocdico,
1408 3037 1589 3126 dactylico,
1613 3025 1769 3104 choriam-

323 3139 395 3202 bico
427 3138 544 3224 pedem
572 3137 787 3224 dissyllabum
823 3141 1023 3224 ἀδιάφορον,
1051 3165 1148 3228 quarn
1186 3143 1278 3207 basin
1311 3140 1353 3205 G.
1381 3139 1589 3205 Hermannus
1627 3141 1770 3223 vocarit,

322 3239 538 3326 praemittunt

1171 987 1320 1056 mm

1038 989 1319 1104 401001όό

476 1003 663 1091 bisyllabae

962 989 989 1106 ὲ

966 1155 1002 1192 .,

322 3707 422 3748 causa
450 3684 546 3747 huius
574 3683 727 3748 licentiae
754 3685 831 3748 inde
857 3685 1037 3770 repetenda
1063 3707 1134 3751 ease
1162 3686 1309 3769 videtur,
1343 3687 1441 3773 quod*
1462 3686 1586 3772 primus
1620 3707 1678 3772 pes
1701 3686 1769 3749 ictu

324 3785 430 3868 vocis,
452 3783 540 3869 apud
563 3795 691 3850 veteres
714 3785 858 3850 Graecos
881 3809 954 3850 cum
977 3787 1105 3875 syllaba
1128 3787 1226 3873 longa
1244 3788 1313 3852 scre
1336 3789 1524 3868 coniuncto,
1553 3788 1600 3852 ita
1623 3787 1768 3869 carebat,

323 3897 360 3951 ut
382 3885 463 3950 nihil
484 3887 641 3968 referret,
664 3897 772 3951 utrunr
795 3888 934 3953 iambico
951 3911 992 3953 an
1009 3889 1173 3956 trochaico
1189 3889 1361 3971 vocabulo,
1378 3889 1524 3977 spondeo
1545 3911 1587 3952 an
1604 3889 1769 3975 pyrrichio

323 3986 556 4074 explereretur.
602 3991 724 4053 Contra
746 3991 774 4053 si
796 3989 1058 4076 elegantissimus
1086 3992 1225 4078 quisque
1253 4001 1350 4078 poeta
1371 3989 1492 4055 latinus
1515 3991 1770 4078 discrepantiam

323 4091 409 4156 ictus
440 4111 647 4154 numerorum
679 4101 712 4155 et
744 4103 897 4157 accentus
930 4093 1104 4158 verborum
1137 4095 1171 4158 in
1205 4092 1351 4157 clausula
1383 4092 1566 4156 hexametri
1594 4105 1627 4157 et
1654 4115 1769 4156 versus

324 4192 480 4278 Sapphici
503 4192 642 4274 vitavit,
671 4191 731 4256 hoc
754 4216 791 4257 ea
820 4195 860 4259 de
882 4215 982 4260 causa
1011 4197 1129 4260 fecisse
1151 4196 1349 4282 probantur,
1380 4194 1467 4280 quod
1496 4215 1560 4280 quo
1589 4195 1692 4258 maior
1719 4195 1769 4257 ris

322 4295 405 4356 ictus
422 4302 506 4373 erat,
523 4315 560 4358 co
574 4295 678 4379 magis
692 4297 911 4382 repugnantia
925 4306 1079 4361 accentus
1095 4296 1263 4362 hominum
1278 4319 1373 4362 aures
1390 4293 1585 4360 offendebat.
1622 4295 1769 4360 Maxime

323 4415 400 4458 vcro
423 4417 528 4458 meam
550 4397 735 4482 opinionem
758 4397 799 4464 de
827 4397 1055 4464 vicissitudine
1083 4398 1167 4463 inter
1194 4397 1265 4462 cola
1292 4398 1542 4485 byzantinorum
1566 4406 1598 4461 et
1620 4406 1769 4462 veterum

321 4504 488 4580 poetarum
505 4518 693 4581 graccorum
709 4498 931 4564 intercedente
947 4509 1120 4587 praecepta
1136 4510 1282 4564 veterum
1298 4501 1494 4585 scriptorum
1509 4500 1589 4563 artis
1615 4499 1770 4563 metricae

323 4596 363 4660 dc
387 4597 525 4683 pedibus
548 4601 737 4686 compositis
759 4600 949 4664 confirmare
973 4599 1136 4666 videntur.
1180 4599 1233 4666 lili
1256 4602 1342 4666 enirn
1357 4599 1507 4687 pluribus
1529 4597 1671 4686 pedibus
1693 4601 1768 4664 sim-

323 4697 461 4784 plicibus
484 4722 584 4764 unum
607 4699 723 4786 pedem
746 4701 960 4786 compositum
986 4702 1084 4782 (πόδα
1106 4703 1275 4784 turbator)
1306 4702 1394 4792 effici
1421 4713 1454 4766 ct
1481 4701 1574 4788 pedis
1597 4703 1769 4788 compositi

323 4800 390 4874 vim
413 4800 481 4864 fere
503 4800 655 4884 eandem,
685 4825 783 4900 quam
805 4801 868 4876 coli
890 4805 960 4868 sive
982 4802 1120 4877 membri
1136 4825 1208 4869 esse
1231 4803 1429 4890 docueramt,
1452 4803 1580 4891 quade
1603 4824 1638 4874 re
1664 4825 1769 4898 nuper
