3800 5474
371 367 438 422 LlB.
469 367 502 422 ll.
532 365 998 422 accensemus-elamitem
1013 365 1377 422 ECCLESIAS'HCORUM.
1535 367 1596 422 LXl

111 559 120 565 -
147 513 284 578 cessisse
306 511 504 579 viderentur.
551 512 616 578 Sed
638 533 711 577 cum
733 512 857 577 incerte
879 512 959 577 haec
981 515 1167 579 coniectura
1188 515 1246 593 sit,
1270 521 1302 576 et
1323 534 1475 577 uumerus
1497 514 1596 578 unde·

146 615 258 678 narius
281 614 460 680 carminum
483 607 694 680 Constantini
712 635 787 679 cum
809 613 941 679 Christo
963 613 1117 680 undecies
1140 626 1215 700 post
1237 617 1506 679 resurrectionem
1528 615 1595 679 suis

146 715 303 802 apostolis
326 726 360 780 et
381 714 549 803 discipulis
571 725 781 804 comparente
803 715 988 796 cohaereat,
1016 716 1167 802 equidem
1189 715 1232 780 ah
1253 715 1408 803 apostolis
1432 717 1539 800 potius
1562 717 1597 780 in

146 838 258 882 omues
281 826 385 882 terras
408 840 428 881 a
449 817 581 882 domino
603 827 732 912 nostro,
755 829 928 903 postquam
945 808 986 882 de
1000 817 1114 882 inferis
1130 818 1326 900 resurrexit,
1349 817 1506 900 dimissis,
1529 818 1596 883 ἀπὸ

146 915 204 985 τοῦ
226 919 520 994 &constellation
544 919 690 984 carmina
712 918 921 985 denominata
936 940 1007 984 esse
1023 917 1184 983 duxerim.
1215 917 1329 1004 Neque
1344 928 1452 984 tamen
1467 918 1596 985 silentio

147 1022 389 1107 praetermitto,
418 1019 502 1085 hanc
528 1021 777 1104 originationem
799 1031 837 1085 ut
858 1020 1065 1085 Constantini
1092 1021 1273 1085 carminum
1302 1020 1417 1106 primis
1445 1021 1596 1086 versibus

146 1121 237 1202 (vide
251 1143 284 1207 p.
299 1121 372 1202 110)
395 1121 631 1203 commendari,
654 1123 701 1188 ita
723 1120 856 1209 reliquis
879 1119 1155 1208 exapesteilariis,
1178 1123 1212 1185 iu
1234 1121 1353 1208 quihus
1375 1121 1416 1186 de
1438 1121 1594 1209 apostolis

146 1220 290 1287 dimissis
311 1221 412 1288 altum
441 1221 608 1290 silentium
631 1231 695 1305 est,
726 1223 882 1288 siminus
905 1221 1056 1306 refutari,
1084 1231 1119 1288 at
1146 1231 1255 1288 tamen
1284 1221 1486 1288 labefactari.
1531 1223 1595 1290 Sed

146 1321 249 1389 multo
271 1325 371 1388 ctiam
399 1324 505 1390 minus
534 1323 617 1389 aliae
641 1324 857 1409 etymologiae
878 1325 959 1390 mihi
982 1325 1171 1410 probantur,
1194 1343 1276 1408 quas
1299 1322 1390 1390 Goar
1411 1325 1444 1389 in
1467 1323 1595 1389 Euche-

145 1423 234 1509 logio
257 1447 289 1511 p.
311 1425 351 1490 57
375 1427 555 1512 proposuit.
909 1445 913 1450 ·

231 1528 391 1592 Ἑωθινὰ
418 1527 490 1593 sive
517 1528 676 1609 τροπάρια
703 1528 773 1594 sive
800 1529 878 1610 μέλη
901 1527 936 1590 in
958 1527 1076 1592 officiis
1099 1527 1285 1608 matutinis,
1313 1528 1346 1592 id
1374 1527 1460 1614 quod
1489 1529 1596 1612 ipsum

147 1650 264 1694 nomen
288 1626 447 1710 declarat,
471 1635 552 1714 post'
566 1627 708 1715 psalmos
735 1628 911 1712 148-150,
935 1628 990 1714 qui
1012 1628 1098 1695 αἶνον
1120 1630 1192 1694 sive
1214 1626 1328 1694 laudes
1351 1628 1500 1711 audiunt,
1524 1651 1597 1694 can-

146 1739 268 1794 tantur.
313 1727 534 1794 Celeberrima
570 1741 646 1796 sunt
679 1740 752 1796 octo
785 1731 905 1796 ἑωθινὰ
937 1731 1128 1810 ἀναετάειμα
1163 1738 1197 1796 et
1229 1730 1301 1816 ipsa
1332 1753 1352 1794 a
1381 1751 1456 1817 rege
1489 1739 1595 1818 posta,

145 1831 270 1896 Leonte
292 1829 463 1916 Sapiente,
486 1832 675 1918 composita.

232 1933 469 2010 Θεοτοκίον,
493 1931 596 2019 quod,
620 1955 692 1997 cum
715 1936 880 2000 θεοτόκιον
902 1931 1011 1998 dicere
1033 1931 1191 2014 debeant,
1221 1931 1305 1999 falso
1333 1943 1469 2001 accentu
1497 1934 1596 2020 vulgo
1618 2009 1626 2032 ἱ

147 2033 315 2101 θεοτοκίον
330 2032 454 2117 dicunt,
477 2055 498 2097 a
511 2035 642 2100 nomine
664 2035 815 2102 θεοτόκοε
837 2036 1020 2101 derivatum
1041 2036 1219 2122 troparium
1243 2034 1451 2102 inhonorem
1473 2035 1597 2102 Mariae

147 2136 262 2200 matris
289 2134 343 2199 dei
370 2136 584 2222 compositum
612 2136 784 2221 significat.
829 2136 953 2202 Mariae
982 2135 1073 2200 cultu
1101 2135 1177 2200 inde
1202 2137 1245 2201 ab
1273 2146 1388 2202 octavo
1411 2137 1540 2202 saecqu
1562 2137 1597 2201 in

147 2236 219 2300 dies
246 2236 350 2322 magis
378 2245 489 2316 aucto,
518 2237 689 2322 innumera
710 2240 857 2306 θεοτοκία
880 2237 1052 2322 fungorum
1075 2237 1179 2302 instar
1200 2246 1271 2302 orta
1293 2247 1383 2320 sunt,
1407 2260 1500 2324 quae,
1521 2261 1597 2304 cum

146 2337 293 2426 reliquae
321 2337 370 2402 sui
399 2338 552 2404 carminis
580 2340 666 2425 parti
688 2341 798 2425 ¹magis
826 2339 922 2404 adsui
950 2360 1046 2425 quam
1072 2339 1228 2424 coniungi
1250 2337 1375 2404 soleant
1397 2348 1429 2402 et
1451 2339 1596 2404 eiusdem

146 2461 212 2505 non
234 2440 340 2504 solum
363 2460 487 2518 rerum,
516 2439 574 2504 sed
602 2442 699 2505 etiam
728 2441 902 2506 verborum
930 2440 1096 2506 tenuitatis
1124 2461 1225 2528 gyros
1252 2462 1354 2526 usque
1381 2440 1422 2505 ad
1451 2441 1596 2506 taedium
1716 2447 1724 2468 ⁴

148 2541 293 2623 varient,
326 2539 581 2612 inficetissimam
614 2550 739 2629 partem
768 2544 935 2608 literarum
964 2541 1214 2628 byzantinarum
1242 2541 1351 2606 dicere
1378 2564 1443 2607 non
1471 2542 1596 2608 dubito.

147 2644 259 2728 Atque
280 2643 421 2728 primum
443 2642 574 2729 quidem
596 2642 640 2707 ah
662 2642 784 2709 Ioanne
799 2649 998 2708 Damascene
1020 2643 1206 2708 institutum
1230 2652 1295 2724 est,
1318 2644 1402 2708 utin
1418 2644 1597 2708 canonibus

148 2744 307 2810 trinorum
329 2743 590 2830 cuiusqueodae
612 2733 827 2832 tropariorum
844 2743 993 2810 ultimum
1010 2745 1135 2810 Mariae
1152 2744 1276 2818 'laudes
1292 2746 1471 2828 contineam
1494 2745 1597 2828 Geor·

146 2846 221 2928 gius
244 2866 323 2909 vero
346 2844 436 2928 (vide
458 2845 570 2914 Triod.
594 2869 624 2932 p.
651 2847 709 2911 171
733 2856 766 2912 et
787 2848 807 2912 9
829 2847 926 2931 Dec.)
949 2845 1101 2910 Malaxus
1125 2846 1270 2932 (videl.
1293 2846 1382 2929 Iun.)
1405 2844 1597 2912 Philotheus

148 2946 239 3028 (vide
260 2945 311 3010 26.
336 2944 425 3030 Oct.)
454 2947 535 3012 adeo
563 2946 645 3014 haec
673 2945 844 3014 theotoki'a
871 2947 1059 3034 primariam
1087 2949 1221 3014 canonis
1244 2956 1369 3033 partem
1391 2969 1463 3012 esse
1486 2947 1596 3012 volue-

147 3059 240 3134 runt,
274 3057 311 3112 ut
342 3068 453 3112 eorum
486 3047 589 3114 literis
618 3046 797 3114 initialibus
825 3048 1074 3115 acrostichidem
1100 3049 1233 3114 canonis
1262 3047 1440 3115 efficerent.
1484 3049 1598 3136 Neque

148 3147 250 3214 solum
275 3151 408 3214 canonis
431 3145 519 3231 odis,
548 3150 607 3215 sed
629 3149 728 3216 etiam
750 3149 822 3216 aliis
845 3151 1045 3220 carminibus
1068 3149 1240 3217 theotokia
1261 3151 1486 3233 intexuerunt,
1516 3161 1548 3216 ct
1570 3151 1599 3215 si

149 3272 233 3338 quac
255 3251 399 3314 carmina
414 3251 454 3316 iis
470 3272 580 3316 carere
602 3250 916 3334 animadverterant,
940 3253 1053 3341 inepta
1074 3250 1325 3338 interpolatione
1340 3263 1597 3341 supposuerunt3

147 3352 355 3439 inepta.dico
378 3350 641 3438 interpolatione,
665 3354 817 3440 quoniam
833 3353 986 3441 pleraque
1009 3352 1192 3435 theotokia,
1215 3353 1306 3418 utin
1328 3355 1463 3419 Leontis
1486 3354 1598 3420 odaria

148 3477 181 3540 p.
196 3453 249 3534 49,
272 3454 353 3541 ipsis
368 3451 596 3518 acrostichidis
619 3453 749 3520 indiciis
771 3456 883 3542 spuria
896 3463 994 3541 atque
1009 3454 1222 3540 mppositicia
1236 3463 1466 3538 coarguuntur.
1489 3455 1598 3519 Pauca

146 3563 276 3620 tantum
299 3555 432 3640 antiqua
454 3564 487 3618 et
508 3553 595 3620 bona
616 3557 763 3623 θεοτοκία
784 3557 945 3638 αὐτόμελα
966 3555 1126 3637 feruntur,
1150 3563 1186 3618 ut
1208 3556 1281 3620 Τῶν
1302 3555 1465 3634 οὐρανίων
1479 3557 1596 3635 ταγμά-

147 3679 215 3723 των
237 3678 269 3742 p.
291 3655 334 3720 64
355 3665 387 3720 et
408 3655 450 3720 Ὢ
476 3659 534 3722 τοῦ
561 3657 748 3736 παραδάξου
775 3659 935 3740 θαύματος
962 3679 995 3744 p.
1018 3658 1076 3740 813
1104 3655 1164 3722 hoc
1191 3665 1390 3742 postremum
1418 3657 1598 3744 troparium

147 3757 433 3838 (ταυροθεατοκίον
456 3755 563 3841 audit,
588 3757 674 3844 quod
697 3757 835 3823 Mariam
859 3759 920 3823 sub
942 3779 1036 3823 cruce
1059 3757 1116 3820 filii
1138 3767 1280 3824 stantem
1303 3757 1439 3824 inducit.

234 3859 447 3940 Ἰδιόμελον
469 3881 599 3924 carmen
622 3859 753 3944 dicitur,
782 3861 867 3948 quod
889 3882 954 3924 non
975 3858 1092 3924 alienis
1116 3859 1220 3924 modis
1243 3861 1354 3944 utitur,
1386 3859 1445 3926 sed
1467 3883 1542 3926 suos
1565 3868 1598 3925 et

148 3959 298 4048 proprios
319 3960 433 4027 modos
456 3959 566 4027 hahet.
604 3961 676 4026 Hoc
697 3963 830 4027 nomine
851 3984 923 4027 cum
946 3962 989 4028 ab
1011 3960 1172 4028 automelo
1188 3984 1252 4028 non
1266 3962 1412 4044 differat,
1435 3962 1470 4026 id
1485 3963 1598 4028 discri-

147 4061 246 4124 minis
275 4061 361 4126 inter
387 4060 452 4127 duo
482 4062 643 4128 vocabula
671 4061 860 4145 intercedit,
891 4063 978 4148 quod
1000 4065 1180 4145 αὐτόμελον
1202 4066 1380 4152 troparium
1409 4073 1475 4148 est,
1505 4065 1597 4128 cuius

147 4162 255 4227 modis
276 4161 342 4226 alia
363 4172 508 4246 utuntur,
533 4163 693 4244 ἰδιόμελον
714 4174 754 4229 ut
773 4162 888 4228 alienis
911 4164 1015 4230 modis
1037 4188 1101 4231 non
1123 4167 1237 4246 utitur,
1260 4166 1307 4230 ita
1322 4187 1362 4232 ne
1378 4163 1450 4231 aliis
1466 4167 1597 4252 quidem

148 4262 336 4350 exemplum
357 4273 391 4328 et
412 4265 682 4350 protypumluit.
727 4266 902 4330 Praeterea
928 4264 1082 4352 pleraque
1105 4265 1259 4332 idiomela
1281 4287 1321 4330 ex
1344 4267 1493 4354 pluribus
1515 4276 1597 4331 stro-

148 4364 225 4453 phis
247 4375 412 4447 constant,
442 4387 525 4453 quae
552 4386 625 4432 cum
648 4387 759 4432 omnes
781 4367 868 4431 inter
888 4387 923 4430 se
945 4365 1122 4432 dissimiles
1144 4389 1204 4433 nec
1226 4389 1300 4434 raro
1323 4367 1526 4434 diversorum
1548 4377 1596 4432 to-

129 4487 263 4531 ·norum
285 4466 390 4532 modis
412 4467 562 4532 instructi
584 4469 666 4551 sint,
689 4490 848 4534 summam
870 4467 1097 4533 difficultatem
1111 4467 1334 4536 dividentibus
1350 4491 1464 4536 versus
1480 4480 1512 4534 et
1527 4468 1609 4535 oola.

147 4577 276 4654 parant.
313 4567 432 4634 Omnia
454 4590 531 4634 vero
553 4568 706 4636 idiomela
727 4559 798 4635 cum
815 4569 965 4634 versibus
986 4571 1130 4654 (ετίχοιε)
1151 4571 1198 4636 ita
1220 4571 1393 4638 coniuncta
1414 4581 1597 4655 cantantur,

147 4680 187 4734 ut
207 4669 347 4755 singulis
368 4669 519 4735 versibus
548 4671 697 4758 singulae
725 4671 877 4759 strophae
910 4672 1137 4755 subiiciantur3
1171 4671 1233 4739 hoc
1253 4684 1362 4740 autem
1384 4695 1448 4740 non
1471 4675 1597 4740 ratione

147 4772 350 4856 institutum,
373 4773 431 4838 sed
454 4775 687 4838 consuetudine
709 4774 829 4838 factmu
852 4795 978 4858 assasque
999 4772 1242 4859 comprobatum
1259 4798 1331 4841 csse
1346 4775 1487 4858 videtur,
1510 4777 1596 4863 quod
