3800 5474
294 301 344 355 nu
514 349 517 355 .
878 287 1159 356 rauracorum.

296 448 380 511 sium
418 447 557 532 primum
595 446 726 510 condita
755 455 815 510 est.
865 446 988 512 Verum
1026 449 1112 510 enim
1142 469 1235 528 vero,
1273 449 1301 512 si
1332 448 1445 534 quinto
1474 448 1602 512 saecule
1633 449 1748 534 poesin

296 546 550 612 ecclesiasticam
594 549 683 611 nasci
722 556 755 610 et
790 549 911 634 primos
955 547 1102 612 surculos
1144 549 1292 614 emittere
1332 549 1479 636 coepisse
1515 551 1746 638 reputarimus,

295 651 475 714 Romanum
512 671 703 734 magnarum
739 647 874 714 odamm
909 659 1072 715 auctorem
1109 649 1285 717 Anastasio
1323 651 1466 716 secundo
1503 651 1612 737 petius
1649 673 1747 738 quam

294 751 469 816 Anastasio
498 752 602 837 primo
631 751 779 815 floruisse
806 750 1029 818 iudicabimus,
1074 751 1138 816 Sed
1162 761 1268 816 utram
1291 754 1486 818 sententiam
1507 751 1746 839 amplectimur,

294 853 476 919 Romanum
499 851 697 916 Emesanum
726 853 925 918 confundere
952 874 1016 918 non
1043 851 1120 918 licet
1148 873 1221 942 cum
1250 855 1396 918 Romano
1423 853 1523 936 Italo,
1556 876 1651 941 quem
1681 877 1748 919 una

293 975 367 1017 cum
394 955 491 1018 Petro
521 951 709 1017 Hadrianus
740 953 757 1018 Ι
785 955 937 1041 precibus
969 953 1078 1020 Caroli
1105 955 1217 1039 Magni
1250 954 1411 1021 adductus
1440 955 1544 1020 Roma
1569 957 1602 1020 in
1631 955 1746 1020 urbem

293 1053 613 1122 Mediomatricorum
636 1055 754 1138 (Meta)
784 1057 915 1120 misisse
941 1057 1060 1136 fertur,
1090 1065 1126 1120 ut
1149 1055 1329 1121 Germanos
1356 1065 1426 1122 arte
1451 1058 1576 1122 musica
1596 1057 1746 1122 institue·

292 1166 381 1240 rent3
416 1157 500 1221 conf.
531 1156 573 1219 K.
598 1156 735 1221 Bartsch
769 1156 834 1221 Die
867 1156 1080 1222 lateinischen
1113 1157 1305 1243 Sequenzcn
1338 1157 1396 1224 des
1424 1157 1634 1224 Mittelalters
1657 1157 1691 1223 S.
1714 1159 1745 1224 2.

292 1258 458 1322 Romanus
480 1259 581 1342 igitur
604 1257 804 1341 Emesanus,
826 1279 921 1344 quem
944 1260 1022 1326 item
1042 1268 1139 1344 atque
1155 1259 1310 1324 loannem
1326 1259 1566 1324 Damasceuum
1581 1259 1624 1324 ab
1639 1258 1746 1324 Maria

292 1369 396 1424 matre
419 1357 471 1422 dei
486 1359 528 1422 ad
543 1360 689 1422 carmina
709 1359 881 1447 pangenda
894 1360 928 1425 iu
944 1361 1077 1425 somniis
1093 1361 1295 1426 stimulatum
1318 1381 1390 1426 csse
1412 1359 1610 1442 fabulantur,
1632 1372 1746 1426 auctor

291 1461 364 1548 plus
386 1461 475 1524 mille
497 1445 725 1525 contahiorum
747 1463 781 1524 in
803 1461 996 1548 Synaxariis
1019 1483 1090 1526 csse
1113 1462 1313 1548 perhibetur.
1350 1461 1466 1548 Itaque
1488 1461 1552 1526 iarn
1568 1462 1744 1550 Nicephori

291 1571 398 1626 aetate
426 1571 578 1628 accurata
604 1562 746 1645 cognitio
775 1562 897 1627 formae
920 1573 952 1628 et
975 1562 1117 1628 ambitus
1146 1562 1322 1628 carminum
1350 1565 1488 1629 Romani
1512 1563 1608 1650 plane
1629 1565 1743 1630 oblite-

290 1675 362 1728 rata
390 1664 462 1728 fuit.
507 1663 653 1749 Namque
685 1674 797 1728 nostra
829 1665 984 1730 memoria
1013 1665 1123 1731 Pitrae
1156 1664 1324 1752 praeclara
1353 1666 1526 1738 industria,
1540 1664 1743 1731 intellectum

291 1774 357 1846 est,
386 1766 536 1831 κοντάκια
562 1763 618 1827 illa
641 1786 742 1850 parva
765 1765 885 1830 rudera
906 1789 978 1831 esse
1001 1789 1019 1831 e
1042 1767 1212 1850 naufragio
1234 1768 1412 1831 carminum
1435 1767 1574 1832 Romani
1602 1775 1742 1832 servata.

291 1865 330 1928 in
347 1875 476 1931 vetusto
499 1866 585 1929 enim
608 1865 789 1954 tropologia
795 1915 805 1950 ,
829 1868 916 1953 quod
932 1870 965 1931 in
982 1867 1109 1934 duobus
1124 1865 1310 1950 codicibus,
1333 1891 1397 1932 uno
1413 1869 1617 1954 Mosquensi,
1640 1867 1743 1933 altero

291 1965 484 2032 Corsiniano
507 1977 672 2032 servatum
688 1968 740 2032 vir
761 1967 960 2033 clarissimus
983 1969 1075 2054 quasi
1098 1969 1138 2034 de
1159 1969 1274 2034 inieris
1289 1969 1512 2051 resuscitavit,
1535 1969 1608 2056 plus
1625 1970 1742 2054 viginti
1852 1995 1859 2022 r

291 2069 436 2132 carmina
451 2069 519 2132 eius
536 2067 727 2154 longissima
740 2080 882 2152 exstant,
898 2091 1034 2156 quorum
1048 2070 1196 2154 singulae
1207 2070 1360 2158 strophae
1375 2079 1549 2159 excerptae
1564 2071 1626 2136 sub
1641 2071 1741 2135 nomi·

167 2259 171 2266 ι
291 2169 388 2234 nibus
410 2172 581 2237 κοντακίου
604 2180 636 2234 et
658 2171 750 2238 οἴκου
771 2172 804 2236 in
828 2171 1037 2239 Menaeorum
1060 2179 1092 2236 et
1108 2171 1236 2237 Triodii
1259 2171 1359 2237 libros
1382 2181 1532 2260 receptae
1554 2182 1641 2236 sunt.
1689 2171 1741 2236 Sic

291 2272 361 2336 eius
384 2273 515 2358 psalmi,
545 2295 641 2358 quem
663 2275 697 2336 in
719 2272 782 2338 hoc
804 2271 889 2338 libro
912 2297 943 2360 p.
970 2274 1135 2339 131-138
1158 2275 1246 2360 typis
1269 2273 1521 2339 exscribendum
1544 2273 1740 2354 curavimus,

291 2374 396 2460 prima
418 2384 450 2438 et
472 2373 616 2439 secunda
638 2375 807 2460 strophae,
836 2396 972 2461 quarum
994 2375 1151 2461 priorem,
1181 2397 1255 2438 cum
1276 2374 1350 2439 aliis
1373 2383 1471 2461 atquc
1493 2375 1636 2461 reliquae
1659 2385 1741 2440 stro·

291 2475 373 2560 phac
396 2477 539 2540 numeris
562 2476 742 2561 composita
764 2478 821 2558 sit,
845 2477 990 2562 proedon
1012 2477 1132 2542 rectius
1156 2475 1297 2559 dixeris,
1325 2477 1410 2541 inter
1438 2485 1564 2541 sextam
1587 2486 1619 2541 et
1641 2477 1739 2562 septi·

290 2598 375 2640 mam
398 2575 493 2640 edam
517 2578 648 2641 canonis
671 2578 705 2640 in
727 2576 880 2642 honorem
902 2577 1122 2664 apostolorum
1145 2577 1313 2663 compositi
1337 2577 1506 2662 (30.1un.)
1529 2578 1656 2643 mediae
1679 2577 1739 2642 sub

290 2678 394 2742 titulis
422 2681 591 2746 κοντακίου
620 2688 653 2743 et
680 2678 772 2744 οἴκου
800 2679 1008 2770 intercalatae
1036 2686 1123 2744 sunt.
1176 2679 1285 2764 Atque
1313 2678 1462 2744 similiter
1495 2668 1739 2744 celeberrimum

291 2779 466 2844 centakion
489 2782 525 2846 Ἡ
548 2782 709 2861 παρθένος
731 2783 876 2862 εήμεμον,
900 2781 986 2868 quod
1009 2804 1040 2868 p.
1065 2781 1104 2844 91
1129 2779 1354 2865 vulgavimus,
1377 2782 1487 2865 magui
1509 2780 1625 2867 psalmi
1648 2780 1739 2845 Nati-

291 2881 405 2946 vitatis
428 2881 550 2946 Christi
573 2891 697 2968 partem
721 2881 823 2947 fuisse
845 2883 937 2947 Pitra
959 2882 1142 2968 Hymnogr.
1156 2877 1197 2968 p.
1210 2881 1251 2946 47
1274 2891 1423 2948 testatur.
1468 2881 1541 2948 Hoc
1561 2893 1671 2947 autem
1692 2884 1739 2947 ita

290 2982 476 3048 institutum
487 3004 558 3047 esse
570 2985 717 3066 comicie,
730 2995 767 3050 ut
779 2984 903 3070 hymni,
916 3006 1011 3070 quem
1026 2985 1206 3070 antiquitus
1222 2991 1325 3048 totum
1340 2981 1525 3064 cantabant,
1538 2985 1738 3070 temporibus

290 3085 423 3149 mutatis
447 3106 543 3148 unam
559 3094 683 3149 tantum
707 3085 760 3148 vel
782 3085 863 3150 duas
886 3086 1035 3171 strophas
1058 3087 1244 3150 retinerent.
1290 3084 1376 3150 Illud
1398 3093 1508 3150 tamen
1532 3085 1739 3150 vehementer

291 3185 415 3266 dubito,
431 3207 508 3250 num
531 3187 640 3250 omnia
662 3185 817 3250 coutakia
838 3185 975 3250 Romani
999 3209 1040 3251 cx
1062 3187 1240 3251 maioribus
1263 3175 1464 3252 carminibus¹
1485 3195 1642 3273 excerpta
1662 3188 1737 3251 sint.

290 3287 387 3352 Certe
409 3286 566 3352 contakia
595 3287 667 3374 ipsa
694 3286 829 3352 collecta
851 3298 982 3353 exstant
1004 3290 1038 3352 in
1061 3288 1188 3353 duobus
1211 3287 1379 3353 codicibus
1401 3289 1591 3354 monasterii
1613 3286 1739 3352 insulae

289 3389 405 3472 Patmi,
422 3411 502 3476 quos
519 3387 645 3454 Gudrin
661 3389 872 3477 Description
894 3390 936 3453 de
957 3388 1022 3454 l'ile
1045 3389 1086 3454 dc
1102 3390 1232 3456 Patmos
1257 3390 1307 3454 his
1329 3390 1440 3456 verbis
1463 3400 1623 3455 recenset:
1646 3412 1679 3454 n.
1696 3389 1740 3454 88

236 3541 239 3558 .
289 3491 457 3572 Ῥωμανοῦ
479 3496 538 3557 τοῦ
561 3495 709 3576 μελῳδοῦ
732 3494 882 3558 roardum
903 3492 1066 3572 ἀρχόμενα
1088 3493 1154 3558 ἀπὸ
1177 3497 1232 3572 τῆς
1254 3487 1281 3573 η’
1304 3492 1497 3574 Ὀκτωβρίου
1519 3493 1609 3573 μέχρι
1632 3496 1687 3571 τῆς
1709 3493 1739 3571 η’

288 3592 473 3668 Αὐγούετου
496 3629 537 3640 -
566 3617 599 3656 n.
622 3593 682 3657 217
706 3595 874 3674 Ῥωμανοῦ
897 3598 955 3658 τοῦ
977 3597 1125 3679 μελῳδοῦ
1148 3595 1297 3660 κοντάκια
1318 3595 1363 3659 εἰ(
1385 3595 1461 3659 τοὺ(
1482 3593 1602 3670 ἁγίους.
1648 3591 1739 3658 Cele-

290 3693 424 3758 berrimi
439 3692 558 3757 melodi
573 3693 660 3778 quod
675 3717 773 3759 unum
790 3703 914 3760 tantum
929 3694 1090 3781 psalmum
1106 3696 1138 3758 in
1155 3695 1215 3758 hac
1236 3693 1424 3780 anthologia
1446 3693 1620 3776 edidimus,
1644 3704 1739 3758 erunt

289 3795 346 3882 qui
368 3805 545 3881 querantur
567 3805 600 3861 et
621 3795 868 3880 reprehendant.
913 3795 1027 3882 Neque
1049 3797 1110 3860 hoc
1132 3817 1204 3860 mea
1224 3806 1281 3860 aut
1295 3798 1473 3862 amicorum
1497 3796 1592 3883 culpa
1613 3795 1739 3860 factum

267 3905 349 3960 cst.
394 3895 469 3980 Duo
501 3899 586 3961 enim
614 3897 710 3962 amici
736 3919 845 3962 curam
872 3896 980 3983 plures
1008 3895 1149 3984 psalmos
1172 3918 1213 3962 ex
1236 3897 1348 3962 codice
1371 3897 1563 3964 Cossiniano
1585 3897 1738 3963 transcri-

289 3998 389 4063 bendi
422 3997 566 4085 mihique
602 3999 752 4064 mittendi
789 4001 823 4063 in
860 4021 894 4063 se
931 4009 1135 4084 receperant,
1173 3998 1231 4064 sed
1267 3999 1412 4065 codicem
1449 3997 1662 4086 inspiciendi·
1682 4020 1738 4063 ex-

289 4098 497 4187 cutiendiquc
523 4102 647 4188 copiam
673 4101 795 4166 fmstra
820 4099 1034 4187 quaerebant,
1063 4099 1141 4187 quia
1166 4099 1272 4181 Pitra,
1302 4103 1357 4187 qui
1384 4110 1487 4166 totum
1513 4099 1737 4187 Tropologion

288 4201 476 4289 propediem
503 4205 537 4268 in
563 4201 667 4268 lucem
691 4225 725 4267 se
748 4202 938 4268 emissurum
963 4223 1033 4266 esse
1056 4200 1283 4287 pollicebatur,
1313 4203 1380 4266 suis
1403 4205 1552 4267 manibus
1575 4223 1649 4265 cum
1671 4224 1737 4266 uon

288 4303 424 4369 dimisit.

373 4407 548 4486 (έμγιοε,
578 4407 633 4493 qui
661 4405 813 4471 Heraclio
835 4425 912 4491 rege
934 4405 1129 4490 (oro-641)
1152 4405 1375 4490 gubernacula
1396 4404 1553 4470 ecclesiae
1575 4405 1737 4471 Constan-

286 4506 522 4592 tinopolitanae
549 4508 725 4592 tractabat,
757 4507 860 4587 ὕμνου
888 4507 1056 4574 ἀκαθίετου
1083 4517 1197 4572 auctor
1218 4509 1253 4570 in
1275 4506 1387 4571 codice
1409 4503 1625 4573 bibliothecae
1648 4507 1735 4572 Mar-

287 4610 400 4672 clauae
407 4656 416 4689 ,
445 4629 508 4694 quo
531 4608 643 4673 Barth.
666 4609 931 4674 Cutlumusianus
952 4630 1030 4674 usus
1054 4617 1117 4691 est,
1146 4609 1343 4696 perhibetur.
1388 4607 1539 4696 Hymnus
1561 4608 1735 4674 celeberri-

290 4731 373 4790 muS,
398 4711 453 4796 qui
475 4710 517 4774 ab
541 4732 593 4793 co,
617 4710 702 4797 quod
725 4719 863 4794 stantes,
887 4733 950 4775 non
973 4710 1123 4776 sedentes
1142 4733 1214 4775 eum
1230 4709 1421 4791 cantabant,
1443 4710 1608 4776 duddrcroc
1626 4709 1737 4774 dictus
