3800 5474
345 399 411 454 LlB.
427 399 463 453 ll.
489 399 536 453 DE
553 396 760 456 GENEltlBUS
776 395 972 452 chaumont
987 395 1354 452 ECCLESIASTICORUM.
1507 396 1579 452 LXV

126 559 211 630 quas
229 544 326 610 huius
350 545 502 611 vocabuli
525 543 779 629 significationes
803 545 837 608 in
859 544 1018 609 auxilium
1033 544 1218 610 advocaret.
1248 542 1464 608 Grammatici
1479 539 1581 627 igitur

125 645 462 729 canones-dicuntur,
486 645 603 732 quibus
626 645 757 710 dicendi
776 667 891 711 norma
914 643 1164 732 declinandiquo
1194 645 1297 710 verba
1324 643 1458 730 regulae
1480 645 1580 708 conti·

123 756 261 830 nentur,
283 748 365 813 iuris
388 769 467 813 vero
491 746 705 814 ecclesiastici
728 747 1002 834 conciliorumque
1023 767 1180 830 canones,
1204 745 1322 833 quibus
1344 767 1453 812 rerum
1475 767 1580 812 sacra-

126 871 199 913 rum
222 849 363 936 fideique
386 850 583 916 christianae
606 848 694 934 leges
718 849 871 914 definitae
892 858 981 932 sunt3
1006 848 1089 914 hanc
1104 857 1275 935 utramque
1290 859 1399 914 autem
1415 848 1582 914 notionem

127 951 170 1015 ab
192 949 308 1035 regula
330 953 485 1036 (κανών),
509 973 574 1038 qua
595 949 682 1014 fabri
699 951 738 1016 in
761 950 859 1036 lignis
883 950 1104 1038 exsequendis
1126 959 1271 1030 utuntur,
1294 949 1487 1015 translatam
1510 970 1582 1014 esse

126 1063 271 1138 apparet.
310 1051 393 1116 Inde
415 1054 560 1119 carmina
575 1073 703 1140 quoque
725 1054 858 1118 cononis
880 1073 998 1118 nomen
1020 1051 1201 1118 obtinuisse
1223 1050 1394 1138 probabile
1417 1061 1475 1133 cst,
1499 1073 1581 1137 quac

128 1163 252 1218 certam
275 1154 439 1239 quandam
462 1154 568 1240 legem
590 1165 647 1220 aut
670 1155 911 1220 constituebant
933 1163 990 1218 aut
1012 1145 1222 1219 constitutam
1244 1153 1475 1240 sequebantur.
1519 1152 1582 1217 Sed

127 1276 212 1341 quae
234 1254 366 1320 tandem
393 1254 458 1321 fuit
485 1255 543 1321 illa
570 1256 648 1322 lex?
693 1258 732 1322 In
755 1255 893 1343 proclivi
916 1255 1048 1342 quidem
1077 1265 1127 1322 est
1154 1256 1196 1320 de
1223 1256 1304 1320 artis
1331 1254 1474 1319 musicae
1502 1253 1581 1339 legi·

126 1357 206 1440 bus,
229 1356 348 1443 quibus
370 1357 505 1423 odarum
527 1359 618 1424 modi
638 1357 759 1442 illigati
782 1367 890 1440 erant,
920 1358 1080 1442 cogitare,
1109 1358 1302 1446 praesertim
1324 1377 1398 1421 cum
1417 1369 1493 1420 'eam
1514 1377 1582 1421 mu·

127 1459 216 1522 sicae
232 1467 373 1545 partem,
397 1481 462 1546 qua
476 1458 722 1525 intervallorum
736 1460 983 1544 (διαετημάτων)
1006 1471 1220 1546 tonorumque
1242 1460 1352 1544 (εἰδῶν
1376 1458 1428 1524 vel
1450 1459 1583 1540 τρόπων

126 1563 184 1638 τῆς
207 1562 259 1626 διὰ
280 1563 406 1642 πατῶν)
435 1560 609 1648 disciplina
636 1561 843 1644 tradebatur,
866 1583 887 1626 a
908 1562 1076 1628 veteribus
1106 1560 1241 1626 Graecis
1267 1563 1383 1642 τέχνην
1411 1563 1583 1641 κανονικὴν

127 1659 326 1747 appellatam
354 1684 426 1727 esse
451 1662 498 1728 M.
522 1663 669 1729 Terentii
692 1663 849 1728 Varronis
878 1662 966 1750 apud
990 1667 1030 1729 A.
1056 1661 1198 1727 Gellium
1220 1663 1315 1728 Noct.
1338 1671 1397 1727 att.
1420 1663 1519 1744 XVI,
1545 1662 1583 1727 18

126 1761 314 1827 testimonio
342 1773 479 1833 constet.
523 1764 598 1830 Huc
625 1765 767 1846 accedit,
795 1766 882 1852 qood
910 1776 1059 1831 cantores
1086 1765 1203 1828 musici
1230 1766 1265 1829 in
1293 1764 1417 1830 decimo
1446 1767 1583 1851 septimo

128 1884 253 1929 canone
280 1865 411 1930 concilii
439 1866 652 1932 Laodicensir
682 1868 769 1948 (περὶ
796 1871 854 1932 τοῦ
883 1869 923 1948 μὴ
951 1869 1018 1933 δεῖν
1045 1867 1131 1947 πλὴν
1158 1873 1224 1933 τῶν
1246 1873 1426 1936 κανονικιῑιν
1449 1869 1583 1948 ψαλτῶν

127 1973 195 2032 τῶν
211 1965 266 2032 ἐπὶ
286 1969 344 2034 τόν
367 1968 500 2050 όμβωνα
522 1970 765 2051 ἀναβαινόντων
787 1970 838 2034 καὶ
860 1969 925 2060 dud
948 1969 1102 2049 διφθέρα(
1124 1968 1320 2048 ψαλλόντων
1343 1969 1473 2048 ἑτέρους
1495 1970 1584 2034 τινὰ(

128 2067 267 2146 ψάλλειν
289 2069 324 2134 ἐν
347 2076 384 2154 τῇ
400 2071 558 2156 truncia)
580 2071 623 2135 ab
645 2071 725 2136 artis
748 2072 891 2135 musicae
914 2070 1033 2156 peritia
1053 2070 1203 2135 canonici
1226 2069 1303 2135 dicti
1327 2091 1398 2135 esse
1421 2069 1584 2134 videntur.

127 2169 176 2232 At
197 2173 336 2234 musices
360 2168 489 2255 legibus
511 2174 619 2238 omnia
642 2173 821 2236 carminum
843 2193 965 2256 genera
987 2171 1147 2236 adstricta
1169 2180 1279 2254 erant,
1308 2191 1414 2257 neque
1436 2171 1585 2255 intellegi

127 2278 254 2355 potest,
285 2293 348 2358 quo
371 2281 467 2359 pacto
490 2271 577 2360 quod
600 2275 744 2338 omnium
767 2294 938 2338 commune
959 2272 1037 2353 fuit,
1067 2281 1155 2338 certo
1179 2271 1308 2338 cuidam
1331 2273 1443 2356 generi
1465 2293 1585 2338 nomen
1689 2304 1694 2312 ·

128 2370 267 2436 dederit.
312 2373 549 2440 Canonicorum
571 2395 649 2440 vero
673 2384 841 2460 cantorum
869 2393 987 2440 nomen
1009 2376 1119 2444 nescio
1141 2397 1184 2439 an
1206 2373 1281 2439 aliis
1304 2381 1335 2439 ot
1357 2372 1585 2460 probabiliori·

129 2471 191 2536 bus
212 2473 397 2539 rationibus
421 2475 580 2565 explicari
602 2477 715 2562 possit.
761 2475 800 2541 In
824 2477 935 2542 codice
957 2477 1043 2540 enim
1058 2475 1285 2541 Alexandrino
1308 2475 1470 2541 versionis
1492 2497 1585 2560 grac-

130 2595 190 2638 cae
213 2576 334 2640 veteris
357 2576 562 2642 Testamenti
584 2576 718 2664 psalmi,
747 2579 803 2664 qui
825 2577 969 2643 interdiu
993 2586 1025 2641 et
1047 2580 1102 2663 qul
1125 2588 1225 2643 noctu
1252 2578 1448 2659 recitentur,
1476 2579 1586 2644 aovdct

126 2675 292 2756 ἡμερινοῑτ
307 2681 446 2759 ψαλμῶν
463 2688 496 2743 et
510 2680 617 2747 κανότι
633 2683 831 2759 νοκτερινοῖε
844 2686 910 2747 τῶν
927 2683 1065 2760 ψαλμῶν
1081 2679 1291 2744 definiuntur.
1315 2677 1469 2743 Delectus
1486 2679 1586 2763 igitur

128 2775 328 2862 psalmorum
344 2779 492 2864 legitime
508 2782 704 2846 constitutus
721 2802 794 2846 cum
810 2781 852 2844 ad
867 2778 1115 2846 similitudinem
1131 2783 1279 2849 κανόνων
1294 2788 1360 2846 τῶν
1375 2779 1504 2858 έπικῶν,
1520 2787 1585 2847 τῶν

128 2881 285 2957 λυρικῶν,
308 2883 376 2947 τῶν
398 2881 561 2962 ῥητόρων,
584 2904 604 2946 a
626 2881 794 2946 veteribus
816 2881 1037 2968 grammaticis
1060 2884 1329 2962 constitutorum,
1352 2901 1455 2946 canon
1478 2880 1586 2948 dictus

128 2989 235 3061 essct,
259 2982 429 3066 aptissime
451 3004 569 3048 nomen
591 2986 771 3051 κανονικιΐιν
793 2987 927 3064 ψαλτῶν
947 2983 989 3049 ad
1005 3005 1146 3048 canonos
1160 2983 1234 3050 illos
1249 2983 1448 3073 psalmorum
1470 2981 1586 3047 referri

128 3077 273 3145 videtur.
312 3082 427 3170 Neque
449 3084 554 3151 solum
576 3085 790 3172 psalmorum,
814 3084 872 3150 sed
895 3084 994 3149 etiam
1016 3085 1153 3150 aliorum
1176 3087 1375 3152 canticorum
1398 3095 1445 3150 et.
1452 3106 1585 3172 precum

128 3180 295 3247 delectum
318 3205 476 3250 canonem
499 3186 622 3252 dictum
646 3207 717 3252 esse
738 3207 780 3251 ex
804 3185 963 3273 colloquio
986 3187 1085 3252 trium
1106 3187 1263 3254 abbatum
1286 3197 1439 3276 apparet,
1462 3189 1497 3252 in
1520 3208 1585 3274 quo

128 3282 279 3349 homines
308 3294 382 3374 post
409 3287 543 3352 coenam
571 3288 680 3354 officia
706 3298 866 3354 nocturna
888 3288 1097 3355 exordientes
1121 3289 1270 3370 ἄρχετθαι
1292 3292 1352 3356 τοῦ
1375 3289 1514 3356 κανόνος
1537 3287 1585 3350 di-

128 3394 259 3450 cuntur.
298 3385 457 3466 Quamvis
480 3390 581 3474 igitur
603 3390 726 3454 diserta
747 3391 936 3456 testimonia
958 3389 1074 3454 afferre
1088 3409 1262 3476 nequeam,
1286 3399 1395 3454 tamen
1410 3388 1586 3454 admodum

128 3487 200 3550 veri
230 3486 336 3552 simile
364 3499 413 3554 est
440 3491 611 3556 nonarium
645 3511 774 3577 quoque
807 3511 975 3554 numerum
1003 3490 1203 3556 canticorum
1236 3511 1402 3556 sacrorum
1431 3509 1586 3554 canonem

128 3587 256 3652 dictum
280 3610 362 3654 esse.
407 3590 490 3656 (lum
513 3594 615 3674 enim,
640 3613 702 3678 quo
724 3600 871 3678 tempore
892 3589 998 3657 codex
1012 3590 1257 3658 Alexandrinus
1280 3593 1485 3673 exurebatur,
1508 3613 1586 3679 qua-

128 3690 314 3754 tuordecim
342 3692 469 3756 cantica
496 3715 590 3758 sacra
621 3693 828 3776 ferebantur,
862 3691 959 3779 paulo
986 3703 1077 3780 post,
1111 3694 1226 3780 quinto
1249 3693 1302 3759 vel
1324 3703 1417 3759 sexto
1445 3691 1585 3774 saeculo,

127 3790 285 3856 nonarius
315 3815 470 3858 numerus
498 3795 633 3859 odarum
663 3795 811 3881 mysticis
838 3794 1020 3860 rationibus
1047 3797 1243 3861 constitutus
1274 3805 1306 3860 et
1322 3781 1486 3860 ¹definitus
1515 3815 1587 3860 esse

127 3891 280 3975 videtum
309 3895 421 3960 confer
443 3897 606 3962 Zonaram
628 3918 660 3982 p.
683 3897 721 3960 4:
752 3899 803 3963 καὶ
829 3901 897 3963 τοῑτ
926 3897 1036 3977 ὕμνοι(
1058 3897 1245 3965 rocroort
1267 3903 1325 3963 τοῦ
1347 3896 1487 3964 κανόνος
1510 3897 1585 3966 ἐξεί-

127 3997 250 4073 λητιται
272 3993 392 4076 ὄνομα,
416 3999 465 4063 ότι
482 3999 660 4080 ὼριτμένον
684 4000 734 4063 καὶ
755 4000 981 4079 τετυπωμένον
1003 4001 1041 4066 τὸ
1063 4001 1182 4081 μέτρον
1204 3999 1302 4067 τοῦτό
1325 4001 1408 4065 ἐττιν
1431 3999 1466 4064 έν
1489 3999 1587 4064 ἐννέα

127 4098 233 4180 stituit
256 4099 510 4180 τυντελούμενον
538 4099 588 4167 καλ
608 4102 726 4166 ταύτας
748 4101 788 4180 μὴ
811 4098 1015 4180 ὑπερβαῑνον.
1061 4099 1160 4180 Quod
1182 4109 1292 4184 autem
1314 4099 1464 4186 mysticis
1487 4098 1584 4162 ratio-

125 4195 229 4260 nibus
258 4195 349 4262 illum
379 4222 549 4266 numerum
577 4199 747 4266 definitum
776 4221 848 4265 esse
876 4200 963 4282 dixi,
994 4210 1025 4265 et
1053 4201 1095 4266 ad
1121 4202 1256 4267 ternarii
1284 4199 1410 4265 numeri
1434 4219 1586 4262 arcanam

124 4297 328 4382 dignitatem
358 4311 408 4367 ter
434 4304 608 4389 repetitam
632 4302 728 4367 etad
756 4322 872 4368 novem
904 4301 1018 4367 choros
1046 4302 1236 4388 angelorum
1266 4302 1363 4364 deum
1390 4301 1461 4364 sine
1489 4301 1586 4364 inter-

124 4399 292 4466 missione
313 4403 570 4488 praedicantium
596 4403 696 4489 (conf.
720 4403 917 4490 Dionysium
940 4403 993 4468 De
1016 4402 1097 4468 coeli
1120 4402 1303 4468 hierarchia
1324 4423 1352 4466 c.
1378 4400 1425 4466 VI
1449 4411 1481 4466 et
1502 4400 1586 4485 VII)

123 4509 271 4586 spectat.
315 4503 491 4592 Postquam
514 4515 623 4572 autem
645 4525 762 4570 novem
785 4505 913 4570 cantica
934 4526 1027 4570 sacra
1049 4527 1153 4570 canon
1175 4505 1239 4569 dici
1254 4513 1371 4590 coepta
1387 4515 1476 4582 sunt,
1497 4504 1587 4566 novi-

123 4602 201 4666 cias
229 4625 359 4692 quoque
387 4628 504 4672 novem
532 4608 612 4672 odas
641 4607 756 4672 eodem
782 4608 912 4672 nomine
935 4605 1165 4694 comprehendi
1188 4627 1247 4692 par
1270 4615 1349 4669 crat.
1394 4605 1455 4669 Rei
1478 4604 1586 4689 capita

122 4703 288 4771 hocloco
315 4709 429 4792 attigi;
463 4710 518 4794 qni
546 4708 640 4795 plura
668 4729 863 4792 cognoscere
886 4716 919 4772 et
941 4708 1087 4772 Zonarae
1109 4717 1284 4772 tractatum
1307 4705 1475 4793 perlegere
1498 4703 1585 4784 velit,

123 4806 281 4870 libellum
304 4831 410 4873 mcum
434 4811 588 4893 Beitrttge
610 4809 643 4874 S.
670 4811 770 4874 1-34
794 4807 936 4875 evolvat.

187 4929 300 4968 cauma
314 4937 461 4970 commuta
1368 4933 1383 4970 e
