3800 5474
286 341 346 395 hVI
405 375 415 387 .
868 340 1148 397 PROLEGOMENA.

285 489 422 576 plurave
447 489 589 574 tropario
610 491 818 554 intertexant.
865 489 1014 574 Denique
1038 489 1179 573 tropario
1187 536 1196 569 ,
1219 486 1306 573 quod
1329 489 1481 556 Ἑωθινόν
1503 488 1680 576 appellant,
1704 501 1738 556 et

286 613 406 676 magna
433 589 608 675 doxologia
636 591 774 655 cantatis
802 590 897 655 finem
926 589 1050 654 faciunt
1076 590 1309 654 matutInorum
1331 589 1511 654 officiorum
1534 591 1682 674 (ὄρθρου)
1705 603 1739 657 et

286 692 486 772 λειτουργίαν
510 693 581 756 sive
602 693 735 756 missam
758 692 968 777 subiungant.
1005 691 1111 768 Huius
1134 700 1242 756 autem
1265 701 1373 777 partes
1396 713 1548 757 enarrare
1570 713 1608 759 ee
1630 695 1737 778 magis

286 792 499 882 supersedere
526 815 673 877 possum,
705 816 768 879 quo
795 794 952 862 minorem
980 791 1086 858 lecum
1114 791 1216 857 verba
1243 815 1263 856 a
1286 793 1520 880 Chrysostome
1545 803 1582 858 'et
1613 795 1737 860 Basilio

285 895 406 980 Magno
434 894 584 960 instituta
610 904 767 980 utusque
796 893 838 958 ad
867 893 953 958 hunc
982 893 1068 958 diem
1100 892 1347 979 religiosissime
1380 906 1512 961 servata
1538 896 1736 962 carminibus

285 998 380 1062 novis
402 996 634 1062 interserendis
657 996 826 1061 dederunt.

372 1098 558 1184 vespertini
580 1110 689 1188 autem
710 1097 811 1162 officii
827 1098 1032 1179 (ἀκολουθίας
1046 1101 1104 1162 τοῦ
1121 1099 1287 1179 ἑεπερινοῡ
1303 1100 1322 1177 ἢ
1338 1099 1555 1181 ἐπιλυχνικοῡ)
1572 1100 1738 1166 breviores

287 1201 371 1264 duae
387 1213 494 1286 partes
511 1209 594 1263 sunt.
641 1201 750 1284 Atque
771 1200 805 1262 in
827 1199 935 1284 priore
958 1209 1049 1284 parte
1071 1208 1241 1284 postquam
1257 1210 1438 1285 anagnosta
1452 1200 1612 1286 psalmum
1629 1225 1738 1288 paroe-

287 1303 424 1366 miarum
447 1302 517 1364 sive
540 1301 750 1365 centesimum
773 1301 905 1365 tertium
929 1299 1022 1384 legit,
1046 1298 1206 1386 psalmum
1222 1300 1303 1365 CXI
1328 1304 1419 1382 Κύριε
1442 1304 1601 1382 ἐκέκραξα,
1625 1306 1681 1389 qui
1704 1307 1739 1368 in

286 1404 398 1468 Const.
421 1411 525 1488 apost.
550 1401 645 1482 VIII,
662 1401 703 1466 34
726 1401 824 1487 (conf.
841 1401 886 1484 11,
903 1402 960 1482 59>
983 1404 1110 1481 ψαλμὸε
1132 1402 1315 1483 ἐπιλύχνιοε
1337 1403 1444 1486 audit,
1467 1405 1636 1468 modulata
1658 1428 1739 1469 voce

287 1513 416 1570 canunt.
462 1503 570 1566 Huius
599 1500 716 1587 psalmi
743 1502 865 1568 ultimis
892 1501 1044 1567 versibus
1072 1503 1137 1565 iam
1166 1514 1259 1567 sexte
1288 1503 1415 1568 saeculo
1444 1506 1573 1569 novicia
1595 1509 1740 1594 troparia

287 1608 486 1670 intertexere
516 1613 706 1689 coeperunt,
743 1597 931 1690 quaecum
959 1602 1110 1670 versibus
1137 1604 1264 1688 (ετίχοι)
1292 1605 1521 1689 adhaererent,
1559 1609 1737 1673 versiculus

288 1708 444 1788 (ετιχηρὰ)
472 1703 696 1792 appellabant3
728 1715 760 1770 et
781 1716 848 1770 tum
872 1705 1004 1790 quidem
1026 1706 1181 1792 temporis
1210 1703 1343 1792 psalmis
1365 1709 1622 1773 vetustissimum
1645 1709 1736 1796 hym-

288 1830 364 1872 num
393 1807 467 1872 Φῶε
493 1809 606 1886 ἱλαρὸν
629 1819 662 1873 et
683 1829 796 1894 preces
826 1808 1024 1886 Καταξίωεον
1053 1807 1287 1892 subiungentes
1318 1807 1414 1872 finem
1437 1808 1536 1873 oflicii
1559 1813 1738 1896 vespertini

289 1908 462 1974 faciebant.
507 1908 625 1974 Postea
652 1918 761 1974 autern
789 1909 984 1974 institutum·
1004 1918 1069 1990 cst,
1104 1917 1141 1974 ut
1167 1918 1241 1995 post
1262 1907 1335 1974 illas
1357 1931 1470 1995 preces
1491 1909 1601 1997 plures
1624 1935 1738 1978 versus

289 2011 474 2095 legerentur
488 2009 690 2096 singulisque
705 2009 856 2075 versibus
879 2009 1051 2074 subiuncta
1071 2012 1230 2092 τροπάρια
1252 2011 1406 2091 ἀπόετιχα
1427 2022 1630 2096 canerentur,
1647 2014 1738 2078 deni-

289 2135 352 2198 que
375 2111 436 2176 sub
463 2112 560 2176 linem
588 2111 689 2177 officii
717 2112 819 2177 verba
841 2111 1013 2198 Symeonis
1041 2112 1128 2176 senis
1157 2111 1223 2179 Νῦν
1245 2112 1398 2180 ἀπολύει(
1419 2136 1484 2178 uno
1506 2114 1652 2180 alterove
1675 2127 1737 2180 tro-

289 2214 381 2300 pario
401 2211 529 2278 adiecto
551 2215 775 2279 recitarentur.

374 2313 467 2379 Haec
494 2316 665 2402 potissima
693 2315 804 2380 efficia
832 2314 987 2380 ecclesiae
1009 2336 1144 2400 graecae
1166 2327 1256 2398 sunt,
1284 2337 1368 2402 quac
1391 2315 1528 2382 melodis
1552 2319 1739 2405 byzantinis

289 2417 413 2502 largam
441 2418 567 2502 copiam
600 2419 745 2503 troparia
773 2428 806 2483 et
834 2417 982 2502 longiora
1008 2419 1153 2481 earmina
1178 2417 1391 2504 componendi
1424 2418 1582 2484 fecerunt.
1626 2420 1739 2506 Neque

290 2528 398 2582 tamen
428 2519 515 2583 omni
546 2531 660 2583 cantus
682 2521 925 2605 carminumque
948 2517 1064 2582 decore
1085 2517 1211 2606 reliqua
1233 2519 1342 2584 officia
1361 2521 1530 2602 carebant,
1559 2531 1595 2585 ut
1616 2520 1739 2609 baptis-

290 2622 404 2702 matis,
438 2621 673 2686 communionis
706 2623 957 2705 (mretricem),
993 2621 1158 2699 horarum,
1199 2621 1409 2707 exequiarum
1442 2621 1649 2704 (ἀκολουθίαε
1681 2628 1740 2690 τοῦ

290 2724 528 2805 ἐξοδιαετικοῦ),
544 2722 616 2787 alia.
654 2723 708 2787 Sic
724 2723 924 2808 Sophronius
940 2721 1259 2808 Hierosolymitanus
1275 2724 1408 2808 egregia
1422 2724 1582 2810 quaedam
1597 2725 1740 2812 troparia

290 2825 442 2889 horarum
463 2823 580 2888 elfieiis
602 2823 754 2907 inseruit,
783 2825 979 2890 Anastasius
1002 2823 1203 2910 praeclarum
1225 2833 1355 2890 cantum
1378 2827 1590 2911 exequiarum
1613 2849 1739 2914 compo·

290 2928 370 3010 suit,
394 2926 629 2990 communionis
652 2933 685 2990 et
707 2925 857 2991 funerum
880 2947 1018 2989 canonos
1041 2924 1098 2989 alii
1120 2925 1277 2990 fecerunt.

374 3027 606 3114 Amplissimus
630 3048 708 3090 vero
732 3049 866 3112 campus
894 3029 985 3111 poesi
1007 3027 1203 3092 christianae
1226 3026 1363 3111 singulis
1386 3027 1601 3095 hebdomadis
1624 3031 1739 3094 diebus

290 3131 464 3195 memoriae
492 3118 739 3216 praecipuarum
767 3128 909 3212 partium
935 3129 1023 3193 vitae
1051 3128 1175 3193 Christi
1202 3131 1399 3194 consecratis
1427 3141 1460 3195 et
1481 3129 1739 3196 solemnitatibus

290 3232 447 3297 herilibus
470 3240 502 3295 ot
524 3231 716 3295 Sanctorum
739 3229 895 3295 institutis
916 3229 1136 3316 aperiebatur.
1164 3231 1275 3316 Atque
1290 3231 1587 3298 Constitutionibus
1610 3244 1739 3320 aposto-

291 3335 362 3398 licis
385 3331 484 3413 VIII,
507 3331 549 3397 32
576 3332 641 3394 iam
670 3341 879 3418 praeceptum
907 3341 972 3414 est,
1003 3341 1039 3396 ut
1067 3332 1204 3397 sabbato
1232 3354 1360 3420 quoque
1387 3334 1441 3398 dei
1468 3335 1611 3399 omniurn
1634 3357 1740 3401 rerum

290 3435 460 3516 creatoris,
490 3433 654 3498 dominica
676 3434 924 3500 resurrectionis
952 3431 1075 3499 Christi
1103 3435 1258 3499 memoria
1286 3431 1517 3500 celebraretur:
1547 3435 1740 3516 ἑργοζὲεθω-

291 3559 348 3605 εαν
378 3537 410 3603 οἱ
437 3541 551 3620 δοῦλοι
579 3538 675 3602 πέντε
705 3535 834 3615 ἡμέρας,
866 3535 1023 3618 εάββατον
1052 3537 1088 3601 δὲ
1115 3538 1167 3601 καί
1193 3539 1343 3617 κυριακήν
1370 3538 1611 3627 εχολαζέτωεαν
1639 3541 1674 3605 ἐν
1702 3545 1740 3624 τῇ

290 3639 436 3720 ἐκκληείᾳ
462 3641 516 3702 διὰ
541 3641 601 3717 τὴν
629 3638 831 3702 deterreatur
853 3643 910 3717 τῆε
932 3639 1104 3720 εὐεεβείαε·
1126 3639 1164 3703 τὸ
1187 3639 1244 3716 μὲν
1266 3639 1329 3716 γὰρ
1351 3637 1507 3720 εάββατον
1530 3639 1664 3720 εἴπομεν
1687 3647 1740 3720 δη·

290 3740 454 3819 μιουργίαε
476 3739 577 3815 λόγον
599 3738 701 3816 ἔχειν,
723 3740 781 3818 τὴν
803 3741 839 3805 δὲ
862 3741 1011 3819 κυοιακὴν
1034 3739 1240 3805 ἀναετάεεωε.
1284 3738 1459 3803 Praeterea
1479 3738 1596 3803 iisdem
1619 3751 1742 3828 tempo-

290 3841 382 3906 ribus
415 3847 516 3904 totam
548 3860 699 3924 magnam
729 3838 980 3924 hebdomadem,
1017 3861 1081 3926 qua
1113 3838 1262 3905 Christus
1296 3839 1412 3925 capitis
1449 3839 1620 3907 damnatus
1653 3844 1743 3908 cruci

218 3959 220 3966 ’
291 3941 410 4006 affixus
445 3949 509 4023 est,
543 3939 629 4004 diem
658 3940 858 4026 paschalem,
893 3965 955 4029 quo
984 3941 1025 4007 de
1052 3941 1166 4006 inferis
1194 3943 1388 4023 resurrexit,
1417 3951 1643 4028 pentecosten,
1678 3965 1744 4030 qua

290 4041 446 4129 apostolis
469 4041 703 4129 discipulisque
726 4054 873 4109 sanctum
897 4044 1046 4131 spiritum
1063 4042 1208 4124 demisit,
1231 4065 1290 4108 nec
1306 4065 1371 4107 non
1386 4042 1539 4109 natalicia
1553 4047 1744 4128 (γενεθλίων

291 4145 434 4225 ἑορτήν),
456 4146 714 4231 assumptionem
736 4147 942 4229 (ἀνάληψιν),
970 4145 1133 4230 baptisma
1154 4147 1370 4226 (θεοφανείων
1391 4145 1523 4228 ἑορτήν)
1544 4145 1668 4211 Christi
1690 4147 1745 4233 pie

291 4243 486 4310 recolebant.
532 4245 646 4327 Quid?
670 4247 755 4335 quod
777 4247 999 4334 apostolorum
1020 4268 1147 4333 quoque
1170 4256 1201 4310 et
1223 4237 1380 4334 Stephani
1401 4249 1649 4334 protomartyris
1673 4247 1743 4312 dies

290 4345 456 4412 celebrare
477 4347 649 4414 christiani
668 4349 856 4434 apostolicis
878 4346 942 4414 illis
966 4347 1254 4424 constitutionibus
1268 4348 1452 4415 iubentur?
1488 4349 1743 4435 Insequentibus

291 4471 368 4515 vero
391 4449 529 4516 saeculis
551 4449 675 4514 Mariae
697 4472 826 4537 quoque
849 4459 881 4514 et
902 4459 1083 4536 martyrum
1111 4459 1377 4537 sanctorumque,
1406 4452 1462 4536 qui
1489 4472 1547 4536 pro
1569 4449 1634 4514 fide
1657 4450 1743 4514 chri-

291 4553 396 4618 stiana
417 4551 637 4618 atrocissimos
666 4554 826 4617 cruciatus
851 4554 1075 4618 sustinuerant
1097 4559 1153 4615 aut
1175 4561 1286 4615 sancta
1308 4573 1430 4616 morum
1453 4553 1642 4636 integritate
1664 4551 1742 4616 emi-

290 4665 445 4738 nuerunt,
469 4654 582 4718 laudes
604 4663 697 4738 grata
718 4656 873 4719 memoria
894 4653 1191 4742 prosequebantur,
1212 4651 1300 4718 unde
1322 4652 1562 4718 solemnitatum
1586 4651 1745 4718 eeclesiae

293 4777 447 4822 numerus
469 4756 551 4823 adeo
575 4757 753 4836 succrevit,
778 4766 815 4820 ut
836 4737 944 4823 nullus
968 4756 1037 4820 fere
1058 4756 1129 4821 dies
1152 4776 1211 4819 suo
1233 4763 1369 4841 patrono
1393 4763 1532 4839 careret,
1554 4752 1648 4818 multi
1671 4752 1742 4841 plu-
