3800 5474
277 387 369 456 xxvl
864 386 1147 442 PROLEGOMENA.

278 535 337 601 τὸν
359 536 485 614 κύριον·
509 534 710 615 ἀλληλαύϊα.’
749 533 901 619 Denique
923 555 987 598 non
1008 554 1113 619 parva
1134 531 1265 616 farrago
1287 552 1477 616 graecorum
1500 531 1674 598 verborum
1698 534 1733 596 in

280 636 424 699 carmina
446 644 479 699 ct
501 627 849 718 liturgiam'ccclesiae
877 633 998 700 latinae
1025 635 1174 720 irrepsit,
1204 654 1340 721 quorum
1370 633 1550 718 nonnullis,
1579 645 1616 700 ut
1645 635 1731 716 κύριε

280 737 420 818 ἐλέηεαν,
444 737 630 801 etiamnunc
653 738 786 801 utimur.

364 837 456 903 Hace
488 837 628 925 praefati
660 839 727 902 iam
758 838 801 902 ad
834 859 956 922 genera
988 839 1166 904 carminum
1195 838 1447 924 byzantinorum
1475 837 1672 925 explicanda
1700 849 1733 903 ct

279 942 365 1004 vitas
394 939 597 1025 singulorum
625 951 795 1025 poetarum
824 938 1021 1004 enarrandas
1050 949 1264 1004 transeamus.
1308 941 1418 1024 Atque
1439 937 1577 1004 formam
1600 940 1731 1026 quidem

278 1043 458 1106 carminum
481 1043 510 1106 si
533 1041 752 1127 spectavere,
777 1040 841 1107 duo
862 1043 897 1105 in
919 1063 1040 1125 genera
1056 1063 1095 1106 ea
1109 1039 1293 1122 discedunt,
1310 1063 1447 1128 quorum
1463 1040 1567 1106 altera
1582 1043 1732 1109 versibus

279 1143 409 1208 usitatis
434 1152 466 1208 ct
488 1144 671 1230 quantitate
693 1141 894 1230 syllabarum
910 1143 1054 1208 delinitis
1077 1143 1256 1229 composita
1277 1144 1496 1224 sunt,.altera
1518 1165 1620 1208 novas
1644 1144 1732 1230 leges

281 1254 474 1310 accentuum
497 1253 529 1308 ct
550 1245 677 1309 numeri
701 1231 903 1331 syllabarum
924 1254 1119 1332 sequentum
1148 1243 1234 1331 quod
1257 1243 1434 1309 discrimen
1454 1253 1491 1310 ut
1514 1245 1608 1310 brevi
1631 1246 1732 1330 signi·

279 1347 389 1431 licem,
417 1348 526 1433 priora
547 1347 699 1428 metrica,
726 1347 911 1432 rhythmica
938 1347 1119 1434 posteriora
1146 1345 1330 1433 appellabo.
1373 1345 1513 1412 Matrica
1542 1348 1643 1432 igitur
1664 1369 1732 1412 car·

279 1447 369 1513 mina
396 1457 433 1514 ut
460 1449 602 1534 antiquis
632 1447 849 1535 temporibus,
879 1448 998 1535 quibus
1020 1449 1196 1534 productas
1220 1457 1252 1513 et
1274 1456 1441 1533 correptas
1463 1447 1609 1534 syllabas
1632 1447 1733 1534 vulgo

281 1550 544 1634 distinguebant,
568 1551 739 1636 aptissima
757 1560 868 1633 eraut,
892 1553 939 1616 ita
960 1550 1068 1616 medio
1080 1572 1163 1616 aevo
1179 1549 1388 1615 artificiosam
1404 1549 1568 1635 quandam
1590 1552 1732 1637 speciem

279 1650 485 1717 affectabant.
508 1651 642 1719 Etenim
656 1654 721 1717 iam
736 1653 771 1717 in
787 1654 899 1739 primis
915 1663 990 1740 post
1005 1651 1171 1718 Christum
1187 1662 1298 1718 natum
1314 1650 1452 1717 sacculis
1475 1651 1557 1717 adeo
1579 1663 1733 1718 accentus

280 1755 457 1841 quantitati
478 1752 678 1843 syllabarum
694 1753 890 1841 praevalere
912 1763 1081 1841 coeperat,
1110 1765 1147 1820 ut
1168 1751 1256 1819 haud
1278 1775 1351 1818 raro
1374 1753 1549 1842 scriptores
1571 1755 1733 1840 quantita-

281 1867 345 1921 tem
367 1856 580 1942 neglegerent
601 1855 812 1944 syllabasque
833 1865 944 1922 acutas
968 1877 1040 1920 cum
1063 1855 1169 1940 longis
1191 1864 1438 1921 commutarent.
1475 1854 1583 1920 Huius
1599 1857 1647 1920 rei
1661 1879 1734 1944 per·

280 1958 383 2024 multa
405 1959 446 2024 et'
459 1959 633 2024 manifesta
655 1958 840 2023 testimonia
862 1959 896 2022 in
918 1957 1021 2024 titulis
1044 1955 1182 2044 lapideis
1204 1959 1379 2044 aeneisque
1395 1966 1542 2039 exstant,
1565 1959 1733 2045 inquibus

279 2059 393 2126 literae
422 2062 552 2128 cete
585 2060 768 2125 sexcenties
801 2061 887 2124 inter
919 2083 954 2125 se
987 2068 1202 2124 commutatae
1234 2059 1456 2124 inveniuntur.
1500 2057 1594 2123 Idem
1628 2060 1733 2126 crebri

281 2184 408 2230 errores
432 2171 604 2245 testantur,
628 2184 708 2249 quos
731 2172 848 2248 poetae
869 2163 1064 2228 recentiores
1088 2159 1233 2248 syllabas
1255 2161 1374 2226 breves
1396 2182 1455 2247 pro
1478 2159 1585 2248 longis
1607 2171 1640 2228 et
1661 2159 1760 2228 lon-⁸

280 2265 422 2352 gas'pro
445 2263 600 2329 brevibus
622 2273 817 2351 usurpantes
840 2265 1088 2346 commiserunt,
1117 2285 1182 2350 qua
1204 2262 1245 2328 dc
1267 2285 1302 2328 re
1324 2263 1401 2326 vide
1423 2263 1564 2328 indicem
1588 2285 1733 2330 errorum

280 2367 438 2433 Methodii
462 2387 561 2452 supra
582 2389 614 2453 p.
638 2365 726 2430 XIX
749 2365 940 2431 confectum
963 2376 996 2431 et
1018 2365 1100 2431 adde
1123 2365 1254 2452 Syncsii
1276 2364 1345 2445 Ill,
1371 2365 1410 2428 10
1432 2365 1507 2447 θῦμ’
1529 2366 1734 2448 ἀναίμακτον,

281 2469 323 2534 39
343 2471 402 2535 τὸν
424 2469 644 2550 ἀπόετρόφον,
670 2468 731 2533 109
746 2469 798 2534 ἐπὶ
821 2457 988 2551 pultibus,
1012 2465 1167 2552 Gregorii
1189 2465 1216 2546 I,
1231 2467 1252 2530 3
1267 2465 1434 2548 δεαιότην,
1449 2465 1629 2532 Clementis
1644 2491 1676 2534 v.
1695 2469 1733 2532 13

279 2573 405 2637 παίδων
435 2567 630 2652 ἀνεπᾶφων.
674 2569 796 2636 Nostra
824 2591 903 2635 vero
930 2570 1085 2636 memoria
1112 2566 1232 2633 Gracci
1259 2569 1306 2634 ita
1332 2567 1521 2632 accentibus
1554 2568 1636 2634 nihil
1668 2592 1733 2636 non

279 2671 446 2756 tribuunt,
468 2682 506 2738 ut
520 2684 552 2739 et
567 2673 632 2759 ipsi
647 2673 679 2736 in
698 2672 869 2758 Sophoclis
883 2670 1182 2758 Aristophanisque
1197 2669 1346 2735 versibus
1361 2670 1539 2735 recitandis
1561 2671 1730 2738 metricam

280 2797 468 2862 compagem
490 2774 617 2840 solvere
639 2773 766 2840 soleant
788 2785 821 2840 et
841 2797 901 2841 nos
924 2763 1082 2840 accentus‘
1101 2771 1301 2858 syllabarum
1316 2771 1528 2858 neglegentes
1550 2774 1733 2839 autminus

281 2876 495 2944 observantes
517 2897 635 2962 graece
657 2874 747 2963 loqui
768 2888 900 2964 negent.

363 2979 522 3054 Metricac
544 2979 645 3064 igitur
666 2977 749 3044 odae
771 2978 984 3066 byzantinae,
1014 2999 1088 3042 cum
1116 2985 1229 3042 vetera
1257 2975 1402 3042 carmina
1427 2976 1604 3042 artificiosa
1625 2976 1733 3063 potius

280 3079 461 3147 subtilitate
489 3080 696 3144 imitarentur
734 3102 830 3166 quam
863 3080 1030 3144 hominum
1066 3077 1250 3165 aequalium
1282 3098 1464 3143 sermonem
1502 3079 1732 3164 exprimerent,

279 3202 384 3268 neque
412 3181 446 3244 in
474 3180 621 3246 ecclesiis
651 3202 805 3268 umquam
833 3191 982 3246 cantatae
1011 3202 1116 3267 neque
1145 3182 1179 3246 in
1206 3180 1307 3245 libros
1337 3179 1538 3246 canticorum
1560 3181 1732 3246 canonicos

192 3336 199 3345 .
279 3291 536 3370 receptaesunt.
583 3282 740 3349 Cantatas
763 3291 872 3348 tamen
894 3305 949 3348 cas
971 3304 1042 3348 esse
1064 3303 1105 3347 nc
1133 3282 1254 3346 infitias
1278 3303 1349 3366 eas,
1377 3279 1609 3348 modulationis
1637 3292 1733 3348 tonus

279 3387 386 3472 (ἦχοι)
396 3384 596 3451 carminibus
608 3382 703 3450 Eliae
713 3382 858 3472 Syncelli
874 3392 907 3450 et
920 3383 1029 3450 Photii
1041 3381 1245 3470 patriarchae
1256 3382 1441 3470 adscriptus
1455 3383 1616 3470 prohibet.
1640 3383 1734 3465 Quae

279 3497 388 3553 autem
403 3487 446 3552 ad
462 3486 645 3552 canendum
660 3486 824 3552 destinata
847 3496 939 3552 erant
960 3488 1122 3568 carmina,
1144 3483 1280 3566 iisdem,
1303 3485 1422 3570 quibus
1446 3485 1622 3572 scriptores
1644 3486 1733 3550 Ana-

216 3640 221 3648 .
279 3599 503 3654 creonteorum
518 3599 644 3656 veteres
661 3588 917 3671 delectabantur,
934 3586 1103 3653 versiculis
1127 3596 1291 3671 constant,
1315 3586 1464 3652 dimetria
1486 3587 1561 3653 dico
1584 3588 1734 3654 iambicis

240 3695 242 3704 '
280 3690 334 3755 vel
354 3690 472 3757 ionicis
493 3691 728 3774 anaclomenis3
757 3711 953 3777 quamquam
975 3689 1037 3754 hoe
1058 3691 1189 3754 nomine
1218 3689 1375 3773 saroriori
1403 3687 1468 3773 legi
1496 3688 1625 3774 illigata
1646 3700 1733 3772 sunt,

283 3791 371 3879 quod
393 3793 493 3878 quina
515 3801 572 3857 aut
598 3814 678 3857 sena
707 3793 778 3858 cola
809 3790 956 3877 singulas
984 3789 1134 3878 periodos
1163 3790 1370 3878 stropharum
1398 3790 1554 3857 efficiunt.
1599 3791 1672 3857 Hoc
1698 3801 1735 3856 ut

282 3915 377 3958 nemo
399 3915 465 3958 non
486 3893 715 3979 comprobabit
735 3895 770 3959 in
792 3891 991 3960 carminibus
1014 3891 1057 3957 ad
1080 3892 1278 3958 cantandum
1301 3893 1409 3976 factis,
1432 3895 1479 3958 ita
1500 3891 1608 3958 inutili
1631 3901 1664 3958 et
1684 3893 1732 3956 in-

281 3997 376 4061 ficeto
399 3995 473 4062 lusu
488 4017 544 4061 eae
559 3997 674 4072 literae
695 3997 730 4061 in
752 3996 855 4061 initiis
879 3995 1085 4081 stropharum
1108 3996 1234 4082 positae
1249 4004 1335 4077 sunt,
1352 4017 1437 4082 quae
1452 3994 1599 4061 ordinem
1614 3995 1733 4080 viginti

280 4108 419 4185 quatuor
446 4098 613 4164 literarum
641 4096 808 4184 alphabeti
836 4095 985 4162 reddant.
1030 4096 1204 4162 Carnulum
1232 4118 1310 4161 vero
1338 4096 1388 4162 his
1420 4096 1608 4164 artificiosis
1637 4099 1733 4182 nugis

279 4199 450 4288 Syncellus
473 4199 621 4283 addidit,
645 4202 701 4285 qui
716 4223 782 4265 non
796 4199 901 4265 solnm
924 4199 1140 4286 stropharum,
1164 4198 1223 4263 sed
1245 4198 1387 4264 emnium
1410 4199 1558 4265 eiusdem
1579 4198 1734 4285 strophae

280 4303 516 4369 versiculorum
543 4302 638 4367 initia
659 4301 886 4368 acrostichidis
914 4301 1076 4387 angustiis
1107 4301 1261 4380 coercuit.
1293 4299 1481 4376 ¹Praeterea
1508 4303 1543 4367 in
1570 4300 1735 4388 plerisque

279 4405 478 4470 carminibus
508 4405 756 4470 Anacreonticie
789 4413 959 4490 poetarum
992 4403 1245 4490 byzantinorum
1277 4400 1424 4468 dimetria
1456 4401 1628 4470 versiculis
1659 4412 1736 4491 post

259 4509 410 4572 tertiam
432 4505 485 4573 vel
507 4516 657 4593 quartam
680 4529 841 4594 quamque
862 4505 1029 4592 stropham
1052 4503 1116 4570 duo
1138 4502 1302 4589 longiores
1325 4525 1439 4570 versus
1461 4505 1626 4570 interiecti
1646 4513 1734 4587 sunt,

280 4622 378 4696 quot,
400 4617 438 4673 ut
459 4629 479 4673 a
501 4608 642 4694 strophis
672 4611 744 4675 sive
771 4609 872 4676 οἶκοι(
901 4606 1160 4691 distinguerent,
1192 4607 1365 4674 κουκούλια
1392 4605 1603 4694 appellabant
1633 4605 1733 4694 (conf.

281 4709 322 4775 G.
347 4709 571 4776 Hermannum
594 4710 697 4776 Elem.
721 4709 808 4777 doct.
831 4721 925 4776 metr.
947 4709 1009 4774 487
1033 4709 1110 4795 sq).
1153 4709 1265 4794 Atque
1293 4707 1440 4795 plerique
1469 4731 1506 4775 eo
1528 4708 1625 4775 modo
1648 4729 1732 4774 com-

279 4813 380 4899 positi
403 4823 493 4896 sunt,
515 4821 552 4878 ut
575 4834 730 4906 versuum
750 4811 1042 4898 Asclepiadeorum
1065 4810 1252 4898 exemplum
1274 4810 1367 4898 sequi
1389 4809 1580 4876 videantur:
