3800 5474
533 396 600 452 LIB.
616 397 638 452 Ι.
668 397 717 451 DE
732 395 860 452 Pontus
876 395 1110 452 CHRISTIANIS
1126 395 1287 454 GRAECIS.
1568 399 1634 454 XIII

178 553 266 610 mata
293 565 335 608 ne
363 551 440 628 apta
467 541 600 629 quidem
623 542 665 608 ad
687 543 869 608 canendum
899 553 999 608 erant.
1043 543 1158 628 Longe
1185 545 1271 608 enim
1298 543 1400 608 maior
1422 565 1531 610 eorum
1555 567 1632 631 pars

177 668 241 709 non
269 644 382 732 lyricis
409 654 590 730 cantusque
618 643 723 710 modis
753 645 1007 712 accommodatis
1037 643 1224 728 versiculis,
1254 645 1312 710 sed
1341 644 1447 730 longis
1471 647 1630 730 versibus,

178 746 348 834 dactylicis
380 745 578 812 hexametris
605 744 657 811 vel
683 746 855 812 trochaicis
878 748 1072 833 septenariis
1096 745 1148 811 vel
1171 747 1319 812 iambicis
1343 747 1514 829 trimetris,
1545 769 1630 814 com-

176 852 284 934 posita
306 857 364 912 est.
408 847 483 912 Huc
510 848 665 929 accessit,
694 848 781 935 quod
804 850 976 934 episcopus
999 849 1227 914 Nazianzenus
1249 849 1284 912 id
1306 850 1447 913 maxime
1469 850 1538 914 suis
1561 871 1630 914 car-

177 950 321 1016 minibus
335 949 430 1034 ¹egit,
458 959 495 1014 ut
521 947 687 1014 hominum
714 949 839 1014 animos
867 950 909 1016 ab
938 972 1045 1015 rerum
1068 950 1215 1015 inanium
1237 950 1345 1015 studio
1368 951 1535 1037 effusaque
1558 950 1630 1016 lihi-

176 1053 252 1118 dine
274 1051 317 1116 ad
339 1073 464 1116 morum
487 1052 708 1134 integritatem
730 1060 763 1114 et
778 1051 977 1116 christianae
991 1055 1080 1117 vitae
1095 1053 1301 1118 severitatem
1316 1061 1499 1136 revocaret,
1522 1073 1632 1116 rerum

176 1165 286 1218 autem
315 1176 335 1219 a
357 1151 493 1218 Christo·
515 1162 548 1216 et
575 1151 730 1238 apostolis
757 1163 922 1236 gestarum
950 1155 1125 1218 memoriae
1153 1153 1206 1238 pie
1234 1175 1362 1238 semper
1390 1177 1410 1217 a
1435 1152 1630 1218 Christianis

176 1256 382 1335 recolendae,
410 1255 443 1318 in
466 1275 530 1340 qua
551 1251 749 1320 celebranda
771 1264 887 1340 poetae
912 1254 1080 1340 byzantini
1102 1253 1172 1318 sere
1199 1256 1259 1320 toti
1287 1254 1519 1336 versabantur,
1548 1255 1630 1319 adeo

176 1379 268 1422 suam
291 1377 415 1421 musam
438 1377 503 1420 nou
525 1353 707 1435 dedicavit,
736 1365 772 1419 ut
797 1356 912 1420 tertius
936 1355 1075 1442 hymnus
1099 1356 1143 1422 εἰ(
1168 1357 1483 1437 >turrecremata
1507 1358 1630 1436 (ιωπὴν

176 1461 212 1526 ἐν
234 1467 279 1544 τῷ
294 1459 418 1538 Πὰεχα,
441 1477 506 1542 quo
528 1454 776 1520 christianornm
800 1467 874 1544 post
896 1456 993 1544 longa
1016 1457 1146 1522 silentia
1169 1455 1290 1524 laetuin
1313 1461 1354 1524 ob
1379 1456 1499 1522 Christi
1523 1479 1629 1522 resur-

176 1562 352 1626 rectionem
381 1556 518 1624 iuhilum
547 1558 725 1642 expressit,
755 1557 954 1643 singularem
977 1559 1080 1624 locum
1104 1561 1190 1625 inter
1212 1561 1282 1624 eius
1305 1561 1450 1624 carmina
1472 1559 1629 1624 obtineat.

177 1661 288 1742 Quid?
317 1659 406 1746 quod
434 1681 474 1722 ne
503 1669 683 1744 martyrum
710 1661 842 1745 quidem
870 1681 984 1742 casus,
1013 1661 1068 1746 qui
1092 1671 1158 1726 tam
1182 1659 1386 1740 commodam
1409 1670 1442 1724 ct
1463 1661 1630 1746 copiosam

175 1763 344 1828 materiem
377 1759 578 1826 carminibus
611 1760 814 1845 praebebant
848 1772 881 1828 ct
914 1786 934 1828 a
965 1762 1109 1828 Damaso
1144 1773 1176 1828 et
1209 1762 1401 1840 Prudentia,
1438 1763 1629 1849 aequalibus

175 1865 280 1950 poetis
307 1862 435 1943 latinis,
464 1860 644 1948 praedicati
673 1871 799 1928 tantum
827 1864 1022 1951 applausum
1051 1863 1209 1947 tulerant,
1238 1864 1306 1928 suis
1334 1864 1484 1930 versibus
1508 1865 1630 1928 referre

176 1967 341 2032 sustinuit.

260 2067 354 2148 Quae
376 2086 448 2130 cum
470 2066 518 2129 ita
539 2065 619 2146 sint,
648 2066 766 2132 mirum
788 2087 854 2133 non
877 2067 1061 2152 videbitur,
1090 2068 1177 2155 quod
1199 2067 1234 2132 in
1256 2067 1342 2132 hunc
1370 2066 1532 2134 delectum
1555 2088 1628 2152 poe-

176 2177 314 2252 matum,
344 2187 427 2254 quae
454 2167 584 2253 proprie
611 2169 757 2234 earmina
779 2170 849 2252 sive
871 2170 949 2251 μέλη
972 2169 1138 2251 dicantur,
1166 2169 1495 2256 praestantissimi·et
1517 2169 1627 2234 secun-

175 2270 302 2336 dissimi
329 2278 445 2356 poetae
472 2289 576 2354 pauca
604 2278 731 2336 tautum
758 2272 903 2335 carmina
929 2273 1127 2356 recepimus,
1155 2271 1239 2357 epici
1265 2281 1298 2336 et
1321 2269 1477 2337 didactici
1498 2272 1628 2354 generis

175 2372 324 2438 versibus
353 2369 496 2436 exclusis
525 2371 685 2437 omnibus.
731 2372 840 2458 Atque
868 2371 1007 2458 primum
1036 2371 1167 2458 quidem
1190 2372 1437 2437 celeberrimum
1459 2373 1562 2451 ὕμνον
1585 2372 1629 2437 εἰ(

176 2475 309 2556 Χριετὸν
332 2483 365 2539 et
386 2473 616 2538 suavissimum
639 2495 768 2538 carmen
790 2473 834 2538 sic
856 2475 914 2552 τήν
936 2473 1053 2540 ἑαυτοῦ
1075 2475 1194 2555 ψυχήν,
1217 2474 1464 2538 Anacreontiois
1485 2471 1542 2538 illa
1557 2474 1627 2559 qui·

174 2575 248 2640 dem
276 2574 448 2640 versiculis
477 2576 658 2660 composita
685 2584 718 2639 et
745 2595 818 2638 cum
847 2575 978 2662 Syuesii
1007 2574 1136 2661 hymnis
1170 2575 1240 2640 iere
1274 2575 1462 2656 coniuncta,
1498 2575 1531 2638 iu
1566 2577 1628 2640 hoc

174 2697 302 2763 quoque
323 2673 408 2741 libro
429 2675 541 2741 recudi
562 2697 621 2762 par
642 2687 722 2742 erat.
764 2675 826 2770 His
849 2677 883 2740 in
905 2674 1103 2740 editionibus
1127 2674 1289 2764 plerisque
1311 2675 1466 2742 adhaeret
1487 2674 1627 2761 hymnus

174 2779 380 2864 vespertinus
414 2776 528 2863 (Vll),
566 2800 604 2842 eo
638 2778 767 2843 nomine
801 2770 956 2862 insignis,
994 2777 1080 2864 quod
1120 2778 1383 2865 antiquissimum
1424 2775 1629 2864 rhythmicae

174 2901 270 2966 quam
292 2879 406 2944 dicunt
427 2880 534 2966 poesis
557 2876 743 2964 exemplum
765 2900 918 2964 graecum
949 2889 1069 2945 exstat.
1112 2879 1247 2944 Numeri
1270 2881 1356 2946 enim
1378 2880 1510 2945 iambici
1532 2879 1626 2943 huius

174 2979 257 3046 odae
284 3003 349 3046 uon
376 2979 480 3065 longis
508 2981 728 3066 brevibusque
757 2979 894 3066 syllabis
922 2982 978 3046 sed
1007 2990 1142 3046 accentu
1170 2984 1345 3048 verborum
1369 2981 1516 3067 expressi
1540 2991 1627 3045 sunt.

174 3081 299 3148 Verum
313 3102 378 3146 non
392 3091 460 3146 tam
474 3083 575 3146 arctis
590 3080 747 3148 limitibus
763 3103 855 3146 suam
877 3091 982 3146 artem
1004 3092 1101 3168 poeta
1121 3077 1386 3170 circumscripsit,
1409 3094 1459 3163 ut,
1482 3105 1626 3170 quocun-

175 3206 238 3270 que
252 3185 323 3248 loco
338 3192 465 3248 veteres
482 3193 597 3270 poetae
620 3182 812 3268 productam
827 3183 988 3270 syllabam
1004 3183 1163 3250 collocare
1178 3185 1265 3251 soliti
1281 3194 1383 3267 erant,
1405 3185 1475 3272 ipse
1498 3194 1625 3250 acutam

175 3285 334 3372 syllabam
362 3285 545 3372 ponendam
573 3295 716 3370 curaret3
745 3285 804 3366 sed
827 3287 862 3350 in
884 3308 922 3352 eo
943 3287 1134 3374 acquiescit,
1163 3301 1200 3352 ut
1226 3289 1259 3352 in
1285 3287 1456 3353 versiculis
1479 3286 1625 3351 dimetria

174 3385 391 3464 catalecticis,
423 3409 495 3452 cum
519 3387 697 3453 secundam
720 3397 868 3475 quartam
891 3399 1018 3454 sextam
1041 3386 1201 3474 syllabam
1222 3409 1338 3453 acuere
1366 3388 1516 3470 deberet,
1544 3388 1626 3452 duas
1690 3397 1695 3409 ’

175 3488 318 3574 syllabas
347 3511 463 3554 acuere
489 3511 554 3554 non
584 3489 822 3575 supersederet.
871 3493 981 3577 Atque
1013 3490 1095 3556 haec
1122 3491 1255 3576 quidem
1282 3489 1414 3553 licentia
1441 3488 1518 3552 inde
1546 3491 1625 3554 satis

174 3591 394 3655 excusationis
422 3591 571 3678 accipere
598 3590 743 3673 videtur,
777 3591 865 3677 quod
898 3601 1024 3656 veteres
1057 3613 1186 3679 quoque
1214 3599 1330 3676 poetae
1358 3600 1390 3654 et
1417 3591 1535 3654 musici
1560 3611 1625 3654 non

175 3692 324 3758 omnibus
346 3691 556 3760 tribusvlocis
579 3715 692 3759 rocem
716 3715 818 3780 aeque
840 3692 1025 3778 erigebaut3
1052 3691 1135 3758 illud
1163 3703 1271 3758 autem
1294 3713 1425 3776 vereor,
1454 3713 1497 3782 nex
1517 3713 1625 3757 errore

175 3793 382 3859 librariorum
411 3794 535 3860 factum
563 3796 622 3878 sit,
651 3796 740 3882 quod
769 3817 923 3860 versuum
950 3796 987 3878 2,
1019 3797 1072 3879 17,
1101 3796 1158 3877 23,
1186 3795 1228 3860 26
1256 3795 1457 3882 paenultima
1484 3793 1625 3880 syllaba,

175 3895 272 3981 longe
294 3895 351 3960 illa
372 3885 576 3981 gravissima,
592 3909 728 3963 accentu
751 3909 850 3964 caret.
895 3897 1066 3964 Similibus
1089 3920 1295 3964 numerorum
1318 3895 1445 3982 legibus
1467 3896 1626 3984 poematis

175 3997 287 4062 ultimo
310 3997 380 4062 loco
402 4020 422 4061 a
444 3999 538 4064 nobis
561 3998 722 4082 collocati,
745 3999 832 4086 quod
855 4022 896 4065 ne
919 4023 1049 4066 carmen
1071 4001 1214 4088 quidem,
1240 3999 1299 4066 sed
1321 4001 1420 4078 λόγος
1441 4002 1523 4079 πρὸ(
1545 4021 1624 4079 παρ-

174 4100 272 4166 θένον
293 4102 516 4180 παραινετικὸε
538 4100 729 4187 inscriptum
752 4111 813 4184 est,
837 4103 961 4188 periodi
982 4100 1128 4189 illigatae
1151 4113 1237 4168 sunt.
1274 4103 1347 4167 Hoc
1368 4112 1476 4167 autem
1500 4123 1624 4186 poema,

174 4215 249 4265 cunr
277 4223 337 4266 nec
364 4202 597 4268 sententiarum
626 4202 803 4268 luminibus
832 4225 892 4268 nec
920 4203 1112 4268 elocutionis
1141 4203 1249 4290 lepore
1281 4203 1539 4283 commendetur,
1575 4202 1625 4266 his

72 4327 75 4332 ’
175 4302 304 4368 duabus
327 4305 434 4369 causis
457 4304 489 4368 iu
512 4306 573 4369 hac
596 4304 783 4390 anthologia
806 4304 968 4370 edendum
988 4306 1186 4386 curavimus,
1209 4305 1296 4391 quod
1311 4306 1439 4369 numeri
1454 4304 1522 4368 eius
1538 4313 1625 4368 recto

175 4403 331 4470 intellecti
365 4415 398 4470 et
430 4408 517 4470 viam
550 4405 700 4470 muniunt
734 4407 774 4470 ad
807 4406 1057 4493 byzantinorum
1091 4403 1258 4492 poetarum
1290 4409 1394 4470 artem
1427 4405 1625 4470 simillimam

174 4505 400 4592 explicandam
435 4516 467 4571 et
500 4529 584 4593 quae
616 4508 656 4573 de
688 4505 892 4572 celeberrimi
919 4509 1090 4572 mimorum
1119 4507 1287 4592 scriptoris
1317 4507 1418 4572 Siculi
1447 4506 1625 4595 Sophronis

174 4617 244 4671 arte
267 4609 470 4692 grammatici
492 4609 666 4674 memoriae
689 4609 912 4694 prodiderunt,
935 4610 1067 4695 egregie
1089 4608 1263 4674 illustrant.
1306 4609 1455 4696 Namque
1470 4609 1624 4696 scholion,

174 4707 262 4796 quod
285 4707 413 4792 Billius,
435 4711 491 4797 qui
513 4699 713 4794 melioribus,
735 4721 823 4776 certe
846 4710 1058 4797 plenioribus,
1081 4733 1178 4798 quam
1201 4734 1259 4776 nos
1282 4711 1450 4778 codIcibus
1470 4735 1548 4776 usus
1564 4723 1623 4792 est,

174 4810 208 4874 in
232 4833 291 4876 sua
313 4811 456 4878 editione
477 4813 622 4900 Operum
646 4811 798 4898 Gregorii
820 4813 896 4878 huic
924 4811 1061 4877 carmini
1087 4813 1237 4898 praefigit
1259 4815 1312 4880 ‘tv
1334 4816 1440 4898 τούτῳ
1467 4821 1512 4898 τῷ
1535 4814 1623 4900 λόγῳ
