3800 5474
234 399 237 404 .
291 358 313 411 Ι,
870 354 1155 410 PROLEGOMENA.

217 516 220 522 ’
295 511 328 567 et
351 500 567 588 scriptoribus
591 499 717 564 colebat
739 508 772 574 et
795 499 1035 580 aemulabatur,
1058 521 1215 565 canonem
1239 499 1304 585 (24.
1322 498 1408 583 Ian.)
1431 508 1465 563 et
1486 497 1642 564 nonnulla
1663 497 1746 562 idio-

294 601 380 667 mela
401 601 544 667 confecit
565 600 736 686 modisque
757 601 891 665 musicis
915 603 1081 666 instruxit.
1120 601 1320 684 Diligentiae
1341 621 1485 687 quoque,
1509 621 1574 686 qua
1594 599 1747 684 Gregorii

294 703 394 768 libros
417 711 639 790 perscrutatus
662 709 727 784 est,
757 703 985 767 documentum
1013 724 1084 766 esse
1113 701 1220 768 voluit
1241 701 1435 782 (αναγωγὴν
1458 703 1508 766 καὶ
1529 703 1675 781 ἐξήγηειν
1697 700 1746 768 ὧν

292 787 429 885 έμνήεθη
458 805 605 884 λατομιῶν
633 803 651 866 ὁ
680 807 766 869 ector
795 789 1113 891 lpnrdprocfnuper
1135 825 1155 867 a
1176 802 1265 867 Maio
1293 802 1327 865 in
1349 801 1461 888 Spicil.
1484 801 1576 868 Rom.
1600 813 1688 866 tomo
1710 801 1747 865 II

294 907 326 970 in
359 903 465 970 lucem
495 912 705 990 protractam.
757 904 882 968 Eodem
914 914 1023 969 autem
1056 905 1194 987 honore,
1231 925 1327 990 quem
1360 902 1514 988 Gregorii
1546 903 1747 968 carminibus

291 1007 488 1093 impertivit,
511 1027 587 1070 mox
610 1006 713 1091 ipsius
736 1027 876 1070 canones
898 1003 992 1090 digni
1008 1005 1188 1070 existimati
1203 1003 1319 1091 amplis
1335 1006 1575 1070 commentariis
1591 1004 1747 1070 illustrati

293 1117 387 1189 sunt,
410 1108 450 1172 de
473 1108 590 1190 quibus
613 1107 692 1170 vide
714 1129 774 1171 nos
803 1129 902 1192 supra
921 1130 955 1194 p.
977 1106 1041 1171 LX
1070 1107 1276 1192 disputantes
1305 1115 1338 1170 et
1355 1107 1553 1171 ‚Fabricium
1582 1104 1668 1170 Bibl.
1697 1127 1747 1191 gr.

291 1209 359 1290 IX,
386 1209 462 1273 742.
523 1208 597 1289 Qua
629 1230 708 1273 vero
749 1208 847 1274 laude
878 1209 1025 1293 gravitas
1059 1209 1293 1272 sententiarum
1329 1216 1362 1272 et
1396 1207 1566 1290 modorum
1606 1205 1746 1271 dulcedo

274 1313 359 1378 eius
381 1312 417 1375 in
439 1309 564 1375 coelum
588 1310 719 1376 sublata
741 1311 822 1392 sint,
852 1310 920 1374 eius
948 1309 995 1373 rei
1023 1330 1065 1372 ex
1093 1306 1204 1373 multis
1233 1309 1426 1373 testimoniis
1454 1331 1553 1372 unum
1582 1306 1746 1372 Theodori

292 1411 461 1478 Prodromi
484 1433 526 1475 cx
549 1412 619 1476 cod.
643 1411 742 1475 Vind.
767 1410 862 1476 theol.
887 1435 917 1476 n.
944 1411 983 1476 18
1005 1408 1063 1474 fol.
1087 1409 1123 1474 lb
1145 1409 1334 1495 decerptum
1356 1411 1410 1474 hic
1433 1431 1611 1496 apponam:
1634 1409 1745 1489 Παρα-

210 1497 216 1505 ’
290 1517 378 1594 τήρει
400 1534 454 1593 μοι
482 1515 564 1593 παρ’
586 1514 666 1579 ὅλον
688 1515 726 1590 δὴ
749 1514 808 1579 τὸν
829 1514 975 1592 παρόντα
1000 1512 1122 1578 κανόνα
1150 1513 1209 1594 (so.
1231 1519 1298 1577 τῶν
1322 1512 1603 1595 Χριετουγέννων)
1626 1513 1664 1577 τὸ
1687 1531 1746 1576 πο-

294 1617 431 1695 λυμαθὲε
452 1619 513 1681 τοῦ
536 1617 683 1697 μελῳδοῦ
706 1616 757 1679 καὶ
778 1616 983 1696 μεγαλοφυὲε
1006 1615 1055 1678 καὶ
1076 1615 1149 1692 περὶ
1170 1615 1209 1678 τὸ
1231 1613 1335 1693 δόγμα
1356 1613 1496 1693 εὐεεβέι,
1520 1614 1571 1678 καλ
1593 1612 1685 1678 ὅπωε
1701 1613 1746 1677 ὼε

294 1717 326 1784 ἐξ
349 1716 482 1783 ἀεινιίοο
504 1721 608 1795 πηγῆε
631 1717 682 1780 καί
701 1716 871 1781 ἀθολώτου
886 1719 953 1780 τῶν
974 1716 1070 1780 θείων
1094 1716 1201 1791 λόγων
1223 1718 1282 1780 τοῦ
1304 1718 1359 1793 uic
1381 1716 1550 1790 θεολογίαε
1573 1714 1746 1794 ἐπωνύμου

292 1819 344 1883 καί
371 1818 500 1898 ἀμίετοο
529 1818 719 1882 διδαεκὰλου
746 1821 803 1895 τῆς
830 1817 1019 1896 ὁμθοδοξίαε
1047 1818 1067 1881 Γ
1068 1817 1220 1896 μηγομίοο
1247 1820 1306 1881 τοῦ
1334 1817 1420 1882 πάνυ
1448 1818 1488 1882 τὰ
1516 1815 1652 1882 πλείονα
1679 1820 1746 1882 τῶν

292 1920 466 1999 νοημάτων
495 1918 703 2002 ἀναρμύειαι,
731 1918 814 1996 πρὸ(
841 1918 877 1982 δὲ
904 1919 957 1983 καὶ
983 1918 1085 1997 πάιηε
1113 1919 1227 1996 εχεδόν
1254 1922 1310 1997 τῆ(
1339 1917 1424 1982 θείαε
1446 1920 1573 1998 γραφῆε
1596 1918 1745 1999 ὑφαίνων

291 2021 366 2100 ἡμῖν
395 2020 553 2104 μελῳδία(
579 2020 666 2085 λιτὸν
686 2018 800 2098 ,ὄνιωε
826 2023 1030 2097 θεοπρεποῡε
1057 2021 1077 2097 ἢ
1104 2022 1227 2098 μᾶλλον
1257 2018 1338 2101 ᾆεμα
1365 2018 1588 2098 παναρμόνιον
1616 2020 1745 2085 πλέκων

294 2127 341 2204 τῷ
363 2122 499 2207 ποικίλῳ
521 2124 588 2186 τῶν
611 2120 767 2199 λατομιῶν.
812 2119 936 2184 Vereor
956 2128 1081 2199 tamen,
1110 2130 1146 2184 nt
1167 2118 1261 2182 multi
1284 2129 1351 2183 tam
1374 2119 1493 2182 effusas
1516 2117 1628 2183 laudes
1649 2118 1746 2184 bodie

162 2245 172 2264 ·
294 2222 522 2308 comprobent3
550 2221 738 2308 typologiae
761 2222 848 2284 enim
870 2220 1033 2305 argutiae,
1057 2221 1175 2306 quibus
1198 2243 1272 2284 oum
1295 2221 1329 2283 in
1352 2222 1468 2285 ceteris
1492 2229 1562 2284 tum
1584 2221 1617 2284 in
1641 2222 1744 2306 primo

292 2344 416 2388 canone
444 2323 602 2410 mysteria
629 2323 751 2406 crucis,
779 2322 1005 2408 baptismatis,
1039 2318 1175 2386 aliarum
1210 2343 1318 2386 rerum
1355 2321 1606 2386 christianarum
1635 2331 1744 2386 vetere

293 2424 504 2489 Testamento
526 2425 593 2488 iam
614 2422 799 2508 significata
831 2444 904 2487 esse
938 2421 1047 2506 docet,
1081 2423 1257 2508 mysticum
1289 2420 1478 2508 theologum
1510 2424 1615 2508 magis
1649 2445 1744 2510 quam

278 2525 444 2589 ‘divinum
476 2535 607 2612 poetam
638 2522 768 2610 decenn
802 2523 927 2608 frigida
964 2546 1042 2589 vero
1080 2545 1176 2610 quam
1211 2525 1353 2590 maxime
1386 2532 1482 2609 atque
1515 2524 1626 2588 ieiuna
1658 2536 1743 2607 sunt,

293 2648 375 2714 quac
412 2636 509 2712 poeta
542 2625 646 2707 VIII,
677 2624 791 2689 7-10.
819 2626 959 2692 30—-35
994 2624 1036 2689 de
1073 2623 1195 2710 duplici
1232 2635 1350 2690 nature
1388 2625 1508 2690 Christi
1545 2634 1578 2690 et
1613 2647 1745 2690 munere

292 2726 448 2814 apostolis
477 2728 623 2792 iniuncto
651 2726 819 2814 praecipit.
864 2726 1017 2814 Denique
1045 2726 1187 2792 doctoris
1216 2725 1399 2813 theologiae
1431 2727 1551 2813 placita
1583 2726 1745 2794 subtiliter

293 2819 514 2917 explicantis,
534 2849 631 2915 quam
653 2839 769 2914 poetae
791 2827 957 2894 hominum
980 2829 1104 2892 animos
1126 2829 1361 2896 commoventis
1383 2838 1417 2893 et
1439 2829 1595 2893 orationis
1617 2829 1744 2894 lumini·

293 2931 353 2995 bus
377 2930 568 2996 delectantis
590 2939 698 3014 partes
721 2931 800 3014 agit.

380 3030 455 3096 Non
477 3030 722 3096 celeberrimum
746 3029 925 3110 melodum,
948 3030 1006 3095 sed
1029 3031 1256 3116 cognominem
1278 3030 1441 3118 quendam
1464 3032 1613 3098 Cosmum
1635 3051 1744 3097 mona-

182 3219 186 3223 .
294 3131 391 3197 chum
418 3143 596 3220 auctorem⁸
613 3132 746 3196 canonis
776 3130 907 3195 sabbati
934 3130 1053 3195 Lazari
1083 3134 1208 3218 (Τμιῴδ.
1232 3156 1263 3220 p.
1286 3133 1361 3214 327)
1394 3155 1465 3198 esse
1497 3133 1618 3198 iudico.
1663 3133 1743 3198 Cum

295 3234 380 3298 enim
409 3233 543 3298 Cosmus
570 3231 800 3313 Maiumensis‚
835 3241 873 3295 ut
899 3233 955 3319 qui
982 3254 1047 3298 non
1075 3233 1328 3320 hymnographi,
1361 3234 1420 3298 sed
1451 3232 1570 3298 melodi
1604 3235 1744 3321 palmam

293 3333 420 3418 tulerit,
444 3343 477 3398 et
491 3333 594 3400 verba
609 3343 642 3398 et
656 3332 770 3398 modos
786 3335 964 3398 carminum
981 3334 1111 3417 fecerit,
1135 3332 1221 3400 illius
1237 3336 1371 3401 canonis
1393 3337 1474 3399 odae
1495 3356 1607 3400 omnes
1629 3335 1745 3400 alienis

293 3436 414 3501 modis¹
432 3434 694 3506 accommodatae
725 3441 813 3500 sunt.
857 3434 951 3500 Idem
979 3434 1067 3500 valet
1096 3435 1136 3502 de
1165 3457 1287 3501 canone
1313 3437 1348 3499 in
1370 3435 1524 3502 honorem
1547 3435 1691 3500 Davidis
1713 3447 1746 3502 et

294 3537 407 3603 Iacobi
429 3539 607 3624 composito
624 3537 808 3624 (rebec),
831 3538 887 3623 qui
909 3559 984 3603 cum
1006 3535 1106 3621 vulgo
1131 3532 1235 3618 Κοεμᾶ
1257 3537 1512 3620 inscribebatur,
1535 3537 1649 3602 Barth.
1666 3538 1745 3602 Cut-

295 3638 496 3702 lumusianus
519 3640 553 3702 in
576 3661 634 3703 suo
657 3626 770 3704 codice
792 3641 945 3705 Ἰωάννου
967 3641 1112 3719 μοναχοῦ
1134 3639 1327 3725 inscriptum
1343 3661 1415 3703 csse
1431 3637 1611 3703 adnotavit.
1648 3639 1747 3703 Hunc

294 3744 403 3804 autem
431 3740 643 3804 recentiorem
671 3739 823 3806 Cosmam
850 3739 1042 3804 monachum
1071 3739 1209 3804 eundem
1237 3760 1309 3804 esse
1336 3741 1487 3820 coniioio,
1516 3762 1610 3830 quem
1638 3739 1747 3806 Mont-

191 3877 199 3892 ·
296 3840 414 3904 faucon
443 3839 611 3925 Palaeogr.
635 3861 753 3924 graeca
774 3864 807 3927 p.
831 3842 872 3906 75
901 3843 1024 3920 Κοεμᾶν
1056 3842 1201 3922 μοναχὸν
1228 3843 1286 3908 τοῦ
1314 3841 1507 3922 Παναρέτου
1539 3842 1687 3906 nominat
1713 3853 1748 3907 et

296 3940 419 4005 saeculi
442 3939 559 4008 decimi
582 3941 690 4026 quarti
713 3943 904 4028 scriptorem
927 3941 1016 4007 dicit.
1055 3942 1229 4026 Braeterea
1251 3943 1340 4008 tertii
1363 3952 1410 4022 et,
1432 3952 1470 4006 ut
1491 3942 1630 4024 videtur,
1653 3952 1747 4008 vetu-

296 4042 406 4107 stioris
434 4043 572 4109 Cosmae
600 4045 745 4108 carmina
772 4044 865 4108 Pitra
891 4043 1073 4129 Hymncgr.
1096 4067 1128 4128 p.
1151 4043 1194 4108 49
1226 4042 1260 4107 in
1295 4043 1493 4131 Tropologio
1526 4042 1748 4111 bibliothecae

296 4143 510 4210 Gorsinianae
532 4169 566 4211 se
588 4145 754 4210 invenisse
775 4155 923 4210 testatur.

383 4249 686 4315 Κωνεταντίνου
707 4247 1107 4328 Πορφυμογεννήιου
1129 4247 1216 4331 regis
1240 4245 1437 4333 (ars-959)
1465 4248 1608 4332 insignia
1629 4251 1749 4314 merita

238 4347 244 4358 '
296 4348 337 4412 de
364 4344 468 4412 literis
495 4349 638 4436 antiquis
666 4347 898 4414 conservandis
926 4369 1020 4412 nomo
1047 4368 1112 4411 non
1142 4349 1245 4412 novit.
1289 4347 1413 4412 Minus·
1436 4346 1663 4435 pervulgatum
1696 4361 1749 4415 est

296 4449 433 4514 eundem
455 4460 579 4536 patrem
603 4471 697 4514 suum
719 4448 875 4514 Leontem
897 4447 1084 4534 Sapientem
1106 4445 1302 4512 aemulatum
1329 4451 1474 4514 carmina
1495 4471 1623 4536 quoque
1645 4449 1747 4515 ecclc-

296 4551 444 4632 siastica,
478 4571 561 4636 quae
582 4551 857 4630 Ἐξαποετειλάμια
885 4551 1078 4628 ἀναετάειμα
1111 4549 1281 4633 dicuntur,
1311 4554 1541 4638 composuisse.
1585 4551 1636 4616 aa
1658 4555 1747 4638 quod

295 4650 448 4715 u'ndecim
475 4671 610 4714 numero
638 4652 835 4737 composuit,
865 4649 940 4714 ideo
968 4649 1085 4715 fecisse
1114 4649 1257 4734 videtur,
1291 4652 1379 4738 quod
1406 4653 1556 4719 Christus
1589 4653 1747 4718 undecies

297 4753 363 4816 suis
397 4751 564 4837 discipulis
598 4763 674 4837 post
702 4752 969 4817 resurrectionem
1000 4751 1193 4838 apparuisse
1223 4753 1352 4818 dicitur.
1397 4753 1601 4841 Quamquam
1635 4763 1747 4820 autem
