3800 5474
348 430 415 486 LlB.
430 431 465 486 ll.
493 431 541 486 DE
557 430 762 486 GENERIBUS
777 431 974 487 CARMINUM
989 431 1353 489 aocaasrlsrlcoaun.
1474 433 1576 490 LXVII

209 576 323 643 Οἶκοι
357 575 527 662 longorum
555 578 735 643 carminum
764 578 913 664 singulae
945 578 1096 666 strophae
1128 589 1304 662 vocantur,
1336 601 1442 668 neque
1469 590 1578 645 tamen

69 683 73 692 '
123 679 282 759 omnium,
306 678 364 743 sed
379 680 534 761 Romani,
547 677 683 764 Sergii,
707 680 889 764 Anastasii,
911 678 1059 764 aliorum,
1083 682 1140 766 qui
1155 684 1293 768 septimo
1308 684 1361 748 vel
1376 691 1494 748 octavo
1508 703 1577 747 sac-

122 777 206 863 culo,
223 780 412 866 priusquam
434 783 591 846 canonica
611 783 719 868 poesis
742 781 930 870 praevalere
952 783 1123 870 coepisset,
1148 782 1335 848 floruerunt.
1374 782 1501 849 Eodem
1522 807 1578 851 no·

122 881 211 945 mine
225 883 522 948 Anacreonteorum
538 903 666 970 quoque
682 883 861 948 carminum
878 884 1028 970 strophas
1045 883 1160 949 medio'
1174 905 1257 950 aevo
1279 896 1483 973 nuncupatas
1506 907 1577 952 esse

122 984 187 1046 iam
209 1005 351 1073 suprap.
364 985 485 1050 XXVI
500 985 688 1071 docuimus,
710 996 819 1050 utrum
841 996 951 1051 autem
974 985 1186 1050 ecclesiastici
1202 995 1319 1073 poetae
1334 987 1465 1054 dicendi
1481 1009 1575 1053 usum
1685 1069 1692 1080 Α

121 1084 347 1171 profanorum,
380 1109 422 1151 an
450 1089 523 1153 vice
551 1109 647 1152 versa
673 1087 803 1173 profani
832 1086 1128 1154 ecclesiastieorum
1157 1088 1261 1152 secuti
1289 1089 1372 1169 sint,
1406 1089 1440 1152 in
1468 1091 1577 1155 medio

121 1185 370 1273 relinquendum
404 1203 476 1253 esse
508 1209 638 1254 censeo.
688 1187 762 1253 Hoc
793 1197 902 1253 tamen
934 1210 1048 1253 moneo
1081 1192 1380 1254 Anacreonteomm
1416 1212 1576 1256 summam

119 1298 302 1372 auctorem,
326 1289 558 1377 Sophroninm,
581 1289 651 1355 fere
673 1290 805 1371 eodem,
828 1311 892 1377 quo
910 1291 1105 1371 Romanum,
1127 1299 1273 1378 tempore
1294 1289 1443 1356 floruisse
1458 1292 1576 1357 videri.

120 1391 297 1478 Postquam
320 1402 429 1457 autem
451 1391 605 1472 Romani,
632 1392 803 1458 Anastasii
831 1393 975 1456 carmina
1002 1391 1177 1478 displicere
1200 1401 1233 1457 et
1254 1391 1434 1458 canonibus
1458 1391 1574 1458 cedere

119 1504 317 1580 coeperunt,
351 1493 499 1579 singulae
529 1503 657 1559 tantum
687 1493 840 1581 strophae
872 1514 945 1558 cum
975 1494 1043 1558 suis
1072 1491 1205 1580 praedis
1235 1493 1414 1580 (κοντάκια)
1442 1493 1576 1566 relictae

119 1605 213 1678 sunt,
248 1595 283 1658 in
317 1595 434 1660 officiis
466 1597 634 1660 matutinis
675 1605 749 1683 post
781 1604 908 1660 sextam
948 1595 1046 1661 odam
1080 1595 1213 1660 canonis
1248 1595 1453 1678 recitandae,
1492 1617 1576 1683 quae

119 1695 269 1780 singulae
297 1695 464 1782 strophae,
493 1697 644 1783 quamvis
673 1695 839 1764 seiunctae
861 1718 882 1761 a
903 1697 1037 1784 reliquis
1065 1696 1206 1784 strophis
1235 1695 1382 1762 eiusdem
1410 1699 1575 1782 carminis,

119 1807 229 1861 tamen
256 1819 373 1862 nomen
401 1797 501 1865 οἴκων
528 1797 742 1863 retinuerunt.
786 1799 956 1882 Originam
979 1799 1065 1863 unde
1087 1798 1169 1863 haec
1190 1797 1411 1865 denominatio
1434 1799 1576 1884 duxerit,

119 1921 183 1963 non
206 1901 313 1964 minus
336 1898 509 1964 obscurum
532 1908 597 1980 est,
620 1921 718 1986 quam
732 1921 791 1964 cur
805 1899 871 1963 duo
894 1898 1056 1984 longiores
1072 1920 1187 1965 versus
1210 1901 1294 1964 inter
1316 1900 1467 1986 strophas
1490 1904 1575 1966 Ana·

117 2010 344 2065 creonteorum
372 2001 535 2065 interiecti
563 1982 738 2068 κουκούλια
765 2000 853 2065 dicta
875 2000 951 2065 sint
996 2001 1122 2066 Tamen
1144 2000 1172 2064 si
1194 2001 1228 2065 in
1250 2021 1286 2064 re
1308 1998 1446 2066 obscura
1468 2004 1574 2092 suspi-

117 2103 241 2166 tionem
264 2123 413 2189 promere
436 2103 527 2182 licet,
557 2101 667 2170 οἴκου(
694 2100 828 2168 cellulas
850 2105 903 2167 vel
927 2101 1047 2166 sacella
1067 2103 1178 2187 magni
1199 2101 1340 2168 aedificii
1368 2103 1575 2189 interpretor,

117 2225 255 2289 quorum
271 2202 518 2269 similitudinem
541 2213 649 2289 partes
672 2204 783 2289 magni
799 2204 957 2290 poematis
972 2203 1095 2269 referre
1117 2204 1198 2268 satis
1221 2201 1270 2267 illi
1292 2202 1423 2291 quidem
1447 2191 1575 2270 inficeto

117 2305 404 2390 significavemnt;
435 2303 515 2368 haec
535 2315 645 2370 autem
667 2306 843 2391 originatio
866 2306 945 2372 iude
964 2303 1090 2392 aliquid
1111 2304 1402 2370 commendationis
1425 2306 1574 2392 accipere

116 2407 261 2489 videtur,
284 2407 372 2494 quod
394 2427 549 2492 graecum
571 2407 681 2474 οἴκους
703 2406 780 2472 Itali
798 2409 916 2472 'stenae
938 2408 1141 2493 interpretati
1164 2413 1250 2471 sunt.

203 2509 235 2574 Π
242 2509 450 2589 potencia,
473 2528 557 2594 quae
579 2509 676 2590 ὅμοια
697 2529 826 2596 quoque
847 2509 999 2588 audiunt,
1029 2509 1173 2595 tropario
1194 2507 1349 2573 dicuntur
1369 2507 1505 2574 aliomm
1528 2509 1575 2574 ita

116 2610 255 2692 similia,
284 2621 321 2675 ut
348 2609 465 2674 iisdem
488 2611 631 2674 numeris
654 2609 824 2696 modisque
845 2619 986 2676 utantur.
1030 2612 1217 2691 llpocdpora
1238 2611 1340 2696 igitur
1361 2620 1399 2676 ut
1420 2609 1574 2677 automeli

116 2710 288 2800 exemplar
309 2720 501 2798 sequuntur,
523 2711 571 2775 ita
593 2711 757 2778 contraria
779 2721 856 2776 sunt
878 2710 1054 2791 idiomelis,
1078 2732 1163 2798 quae
1184 2713 1253 2776 sais
1275 2710 1416 2776 modalis
1439 2720 1576 2776 utuntur

114 2833 179 2876 nec
206 2811 280 2878 aliis
308 2812 458 2901 exemplo
488 2822 573 2878 sunt.
618 2813 719 2878 Suum
740 2821 851 2877 autem
880 2811 985 2877 locum
1015 2811 1192 2878 habentia
1214 2813 1413 2899 vespertinis
1443 2813 1572 2897 officiis,

115 2916 164 2978 ita
185 2923 294 2978 tamen
315 2923 353 2979 ut
375 2936 434 2980 nec
456 2937 476 2980 a
498 2915 665 2980 matutinis
687 2913 806 2980 officiis
828 2935 962 3000 prorsus
985 2912 1118 2979 exclusa
1146 2913 1212 2980 sint
1238 2922 1271 2979 et
1293 2914 1441 3000 pluribus
1463 2924 1572 3002 tropa·

114 3015 174 3079 riis
198 3014 359 3080 similibus
381 3006 469 3082 haud
490 3037 564 3081 raro
588 3015 745 3080 dissimile
767 3013 929 3102 quoddam
952 3015 1141 3098 (ἰδιόμελον)
1163 3000 1369 3084 adiicietur.‘

203 3117 381 3197 (rixnpd
425 3117 533 3182 Huius
561 3118 702 3184 nominis
731 3114 907 3201 explicatio
934 3137 954 3178 a
980 3116 1149 3204 primitivo
1178 3117 1309 3194 nomine
1341 3117 1449 3197 crixoo
1481 3128 1573 3184 recte

113 3216 283 3284 intellecto
304 3218 437 3305 pendet.
481 3220 612 3299 (rixouc
635 3220 736 3304 igitur
758 3217 957 3306 psalmorum
979 3218 1246 3305 canticorumque
1267 3239 1432 3284 sacrorum
1456 3239 1572 3286 versus

114 3320 263 3406 aliosque
290 3320 334 3384 ad
362 3320 493 3385 illorum
521 3318 768 3385 similitudinem
796 3319 917 3399 factos,
946 3328 983 3384 ut
1008 3320 1101 3387 Δόξα
1128 3321 1224 3400 πατρὶ
1252 3321 1302 3385 καὶ
1331 3320 1390 3404 υἱῷ
1418 3322 1469 3387 καὶ
1490 3321 1571 3404 ἁγίῳ

113 3424 287 3503 πνεύματι,
316 3420 417 3506 vulgo
445 3419 658 3506 intellegunt,
687 3422 741 3507 qui
770 3419 901 3484 dicendi
935 3441 1013 3485 usus
1043 3441 1106 3486 non
1142 3419 1276 3485 dubium
1305 3431 1356 3485 est
1382 3423 1461 3506 quin
1496 3444 1571 3487 cam

114 3522 212 3588 libris
234 3523 335 3586 sacris
358 3525 507 3604 ατιχηδὸν
530 3524 675 3588 exaratis
698 3520 901 3588 cohaereat..
927 3520 1134 3586 Christianae
1156 3509 1276 3586 autem'
1286 3521 1395 3607 poesis
1418 3541 1457 3586 ea
1479 3531 1573 3600 erant

112 3624 226 3704 initia,
249 3632 287 3687 ut
307 3632 455 3690 veterum
478 3623 676 3713 psalmorum
699 3621 850 3688 versibus
872 3623 1004 3689 novicia
1026 3621 1203 3710 ephymnia
1225 3622 1278 3687 vel
1300 3624 1444 3710 troparia
1466 3623 1570 3689 succi·

111 3734 246 3806 nerent,
268 3745 405 3811 quorum
426 3727 652 3811 cognationem
675 3746 748 3789 eum
770 3724 920 3789 versibus
942 3723 988 3788 ita
1010 3723 1256 3810 significabant,
1280 3731 1316 3789 ut
1337 3721 1410 3790 illos
1432 3725 1569 3810 crixooc,

111 3830 197 3893 haee
225 3829 354 3907 cnxnpd
384 3826 596 3914 appellarent.
640 3827 707 3893 Sed
728 3847 770 3892 ne
790 3827 894 3891 nimia
915 3826 1106 3912 prolixitate
1126 3835 1242 3892 cantas
1265 3826 1409 3892 taedium
1431 3825 1569 3893 homini-

109 3931 179 3996 bus
201 3937 385 4009 moverent,
408 3949 473 3994 non
495 3927 662 4011 omnibus,
685 3927 744 3992 sed
759 3926 881 3992 ultimis
896 3936 1022 3994 tantum
1039 3927 1190 3994 versibus
1207 3927 1404 4016 psalmorum
1427 3931 1571 4016 tropario

109 4027 286 4094 succinere
318 4039 571 4111 consueverant,
604 4029 639 4096 id
671 4028 759 4117 quod
791 4029 901 4094 verbis
928 4030 1048 4097 ἱετὰναι
1075 4031 1199 4110 crixooc
1227 4026 1260 4107 γ’
1280 4028 1334 4094 vel
1356 4029 1380 4096 ε’
1403 4029 1456 4094 vel
1485 4030 1513 4102 d
1535 4031 1569 4093 in

109 4131 209 4196 libris
232 4130 448 4217 significatum
471 4141 531 4197 est.
576 4130 646 4214 Sic,
675 4140 711 4196 ut
733 4129 882 4216 exernplo
904 4151 972 4195 rem
994 4129 1171 4212 illustrem,
1200 4140 1277 4196 ante
1299 4131 1428 4210 ατιχηρὰ
1450 4131 1568 4211 προιό-

106 4252 191 4312 μοια
212 4231 247 4297 S.
270 4230 421 4318 Georgii,
457 4253 540 4320 qaae
562 4255 594 4318 p.
618 4232 660 4296 ‘10
688 4231 865 4313 edidimus,
893 4233 928 4298 in
956 4233 1049 4297 libris
1076 4231 1286 4297 Menaeorum
1304 4233 1471 4316 ‚scriptam
1501 4241 1568 4296 est:

106 4336 164 4401 Εἰ(
187 4334 226 4399 τὸ
247 4335 335 4414 κύριε
357 4334 509 4415 ἐκέκραξα
536 4335 669 4416 ἱατῶμεν
700 4335 823 4415 ατίχουε
845 4335 873 4408 ς’
895 4336 946 4400 καὶ
969 4334 1138 4413 ψάλλομεν
1160 4334 1289 4413 ετιχηρὰ
1310 4333 1490 4412 apocopae
1510 4339 1568 4400 τοῦ

104 4436 232 4514 Ἀγίου,
255 4435 373 4522 quihus
396 4435 507 4501 verbis
529 4435 647 4522 psalmi
672 4437 763 4516 Κύριε
786 4437 937 4517 ἐκέκραξα
953 4436 1075 4520 primos
1091 4455 1206 4498 versus
1221 4431 1311 4497 nulla
1325 4433 1569 4520 intercapedine

103 4539 204 4604 facta
224 4537 378 4617 recitare,
402 4557 461 4602 sex
482 4547 591 4602 autem
607 4538 762 4603 extremis
778 4535 928 4602 versibus
943 4535 1074 4620 singula
1088 4536 1233 4622 troparia
1247 4534 1408 4601 subiicere
1422 4543 1568 4600 cantores

104 4639 280 4704 iubentur.
318 4636 444 4718 Quodsi
467 4641 503 4702 in
524 4639 598 4703 aliis
621 4637 781 4719 eeclesiis,
805 4638 839 4703 id
861 4636 948 4722 quod
971 4637 1092 4702 codicis
1107 4635 1313 4701 Monacensis
1334 4634 1363 4698 F
1383 4635 1568 4702 testimonio

102 4747 259 4822 constat,
281 4749 348 4805 tres
363 4747 489 4804 tantum
505 4740 659 4826 strophae
680 4739 768 4806 illins
791 4737 944 4804 carminis
966 4739 1001 4803 in
1016 4737 1172 4805 honorem
1186 4738 1220 4803 S.
1237 4737 1372 4824 Georgii
1394 4737 1568 4824 compositi

102 4846 342 4924 innotuerunt,
377 4850 434 4905 aut
455 4841 561 4908 tribus
584 4841 700 4930 psalmi
729 4839 879 4907 versibus
907 4839 1031 4905 ultimis
1059 4841 1203 4926 troparia
1230 4838 1466 4919 subiiciebant,
1499 4847 1567 4920 aut,

1329 4943 1364 5004 e*
