3800 5474
277 353 324 406 XL
858 345 1143 403 PROLEGOMENA.

276 522 308 585 p.
331 499 372 561 33
396 516 465 581 sqq.
494 489 714 556 adumbravit.
766 489 834 555 Nec
865 515 973 557 meum
1004 492 1068 558 fuit
1096 495 1132 558 in
1160 494 1222 560 hcc
1250 492 1351 579 libro,
1387 517 1449 582 quo
1486 497 1630 560 carmina
1664 497 1737 583 ipsa

277 597 449 665 emendata
471 593 568 658 edere
591 615 766 680 eorumque
788 593 958 660 historiam
981 605 1156 662 contexere
1178 597 1324 681 institui,
1349 596 1433 662 hanc
1451 618 1580 682 quoque
1602 599 1734 684 provin-

277 703 378 784 ciam,
413 698 492 762 meis
521 695 647 760 viribus
675 695 847 780 maiorem,
877 695 1116 762 administrare.
1168 699 1244 779 Qua
1270 698 1311 764 de
1341 720 1443 764 causa
1470 697 1614 764 Graecos
1646 700 1736 786 ipsos

277 805 396 870 iterum
418 801 600 885 iterumque
621 805 752 883 rogatos
775 798 890 880 velim,
913 807 951 864 ut
971 801 1040 864 eius
1063 801 1162 880 artis,
1191 801 1284 866 cuius
1307 808 1515 866 monumenta
1536 801 1622 866 inter
1643 823 1735 890 prae-

277 903 456 971 clarissima
488 900 607 966 decora
635 921 713 964 suae
739 901 848 984 gentis
881 900 997 966 merito
1030 901 1170 984 iactant,
1198 899 1369 968 historiam
1403 924 1445 968 ex
1474 901 1736 969 membranarum

278 1008 344 1072 situ
366 1026 478 1070 eruere
501 1010 670 1068 conentur.
707 1027 712 1037 ’
1556 1067 1559 1070 .

196 1187 203 1200 1
292 1114 295 1120 ’
362 1107 475 1171 Possis
498 1102 739 1168 ecclesiasticae
762 1105 958 1190 byzantinae
981 1107 1156 1189 nascentis,
1180 1105 1406 1194 pubescentis,
1429 1105 1610 1172 deficientis
1633 1107 1733 1172 histo·

277 1211 326 1276 ria
347 1207 512 1274 succincta
535 1206 682 1270 oratione
711 1215 878 1289 enarrata,
905 1207 947 1272 ad
970 1216 1156 1295 poetarum,
1185 1195 1328 1295 ”quorum
1351 1207 1494 1272 carmina
1515 1208 1550 1271 in
1572 1206 1656 1273 hanc
1677 1231 1734 1274 an-

277 1311 456 1397 thologiam
479 1307 676 1395 recepimus,
705 1308 807 1373 vitam
829 1316 863 1372 et
884 1331 983 1395 opera
1003 1308 1181 1396 aperienda
1202 1309 1283 1374 mihi
1304 1307 1540 1374 transeundum
1569 1318 1634 1394 est3
1664 1333 1733 1375 rem

277 1412 452 1500 adgredior
474 1408 661 1492 difficilem,
685 1430 759 1474 cum
781 1431 842 1474 nec
863 1410 934 1496 ipse
956 1411 991 1475 in
1013 1409 1117 1477 literis
1143 1411 1327 1498 byzantinis
1350 1413 1399 1477 ita
1421 1421 1569 1477 versatus
1593 1412 1669 1494 sim,
1698 1421 1734 1478 ut

278 1516 321 1582 ad
348 1517 457 1581 fontes
484 1512 628 1577 vitarum
656 1513 745 1598 ipsos
771 1511 881 1576 aditus
909 1511 989 1577 mihi
1017 1521 1142 1600 pateat,
1177 1534 1237 1578 nec
1263 1513 1321 1578 alii
1349 1514 1436 1580 viam
1464 1515 1543 1578 satis
1572 1513 1732 1599 patefece-

277 1620 355 1684 rint.
408 1613 476 1695 Qui
504 1613 590 1678 enim
617 1610 692 1677 huie
719 1614 767 1678 rei
795 1611 1008 1680 illustrandae
1041 1617 1182 1680 maxime
1208 1615 1346 1681 idoneus
1374 1625 1460 1700 crat,
1489 1616 1558 1681 Leo
1580 1613 1732 1700 Allatius,

278 1727 453 1785 tractatum
481 1715 523 1780 de
555 1713 690 1780 melodis
723 1716 866 1801 graecis,
897 1738 993 1803 quem
1023 1716 1252 1783 conscribendi
1279 1708 1451 1783 consilium
1478 1739 1543 1782 non
1575 1718 1670 1783 modo
1697 1741 1734 1784 se

279 1822 391 1887 iniisse
397 1869 407 1905 ,
437 1816 493 1881 sed
523 1817 620 1880 etiam
647 1817 823 1904 perfecisse
846 1818 879 1882 in
903 1820 1174 1902 commentatione
1201 1819 1254 1883 De
1276 1818 1370 1885 libris
1393 1817 1508 1884 eccles.
1532 1819 1733 1885 Graecorum

279 1949 311 2012 p.
334 1923 374 1988 81
398 1920 502 2002 dixit,
525 1940 702 2006 numquam
724 1919 760 1983 in
780 1918 887 1986 lucem
909 1919 1056 1986 emisisse
1079 1919 1221 1987 videtur.
1265 1920 1436 2000 Fabricius
1459 1931 1568 1986 autem
1590 1922 1625 1985 in
1646 1921 1732 1989 Bibl.

279 2047 416 2112 graecae
437 2043 542 2087 novae
564 2030 587 2086 t.
604 2021 656 2086 XI
671 2044 704 2108 p.
721 2020 762 2086 76
778 2043 849 2109 sqq.
872 2031 904 2086 ct
926 2021 1154 2110 Chrysanthus
1176 2024 1210 2088 in
1232 2024 1372 2105 Θεωρητ.
1394 2028 1450 2103 τῆς
1472 2027 1621 2104 μουεικῆς
1642 2047 1674 2110 p.
1691 2024 1733 2088 33

280 2150 363 2216 sqq,
386 2127 441 2211 qui
469 2121 545 2205 soli,
575 2131 731 2210 quantum
754 2125 919 2210 comperi,
947 2133 1021 2212 post
1048 2125 1206 2190 Leontem
1235 2123 1393 2190 Allatium
1422 2123 1499 2189 huic
1526 2125 1575 2190 rei
1602 2146 1733 2212 operam

280 2236 461 2310 navarunt,
483 2226 519 2291 in
547 2248 585 2290 eo
612 2225 863 2311 acquieverunt,
891 2235 928 2290 ut
955 2226 1121 2291 nominum
1142 2236 1313 2313 poetarum
1341 2226 1497 2310 indicem,
1526 2226 1569 2291 ab
1590 2225 1647 2291 illc
1669 2227 1735 2290 iam

279 2331 524 2410 concinnatum,
553 2327 665 2414 paucis
694 2335 727 2392 et
754 2325 910 2392 brevibus
939 2325 1173 2394 additamentis
1199 2327 1404 2416 ampliarent.
1453 2329 1595 2394 Maiores
1623 2329 1734 2416 copias

280 2431 464 2520 Synaxaria
487 2428 681 2495 Sanctorum
702 2439 840 2514 graecae
855 2430 1028 2512 ecclcsiae,
1051 2451 1072 2494 a
1089 2429 1271 2518 Nniecphoro
1287 2428 1423 2496 Callisto
1439 2429 1643 2517 Xanthopuli
1665 2429 1734 2496 lilio

246 2533 250 2540 ’
281 2533 482 2620 conscripta,
514 2529 595 2595 mihi
627 2530 931 2618 suppeditaverunt.
974 2530 1071 2599 Multi
1104 2533 1191 2599 enim
1223 2531 1344 2597 melodi
1375 2531 1467 2617 digni
1495 2541 1571 2618 post
1597 2541 1734 2598 mortem

281 2634 461 2702 existimati
485 2642 576 2714 sunt,
600 2653 737 2718 quorum
759 2635 915 2699 memoria
936 2635 1053 2700 annuis
1077 2633 1192 2701 diebus
1216 2633 1309 2699 festis
1332 2635 1591 2700 resuscitaretur.
1636 2633 1734 2698 Prae-

282 2749 371 2805 terea
393 2733 698 2821 lexicographorum
721 2743 754 2800 et
775 2721 1002 2802 historicorbm
1030 2735 1208 2802 notissimis
1237 2735 1432 2802 testimoniis
1460 2733 1618 2800 adhibitis
1646 2735 1734 2800 vitas

281 2848 451 2930 poetarum
472 2837 519 2901 ita
540 2834 752 2920 adumbravi,
776 2847 813 2902 ut
833 2836 917 2902 hanc
929 2837 1142 2928 ,provinciam
1162 2837 1237 2903 aliis
1260 2859 1325 2901 non
1348 2835 1560 2923 explendam,
1584 2835 1642 2902 sed
1663 2838 1735 2901 red·

282 2937 510 3027 integrandam
538 2936 771 3024 relinquerem,
800 2937 911 3004 multis
940 2947 1048 3004 tamon
1077 2937 1253 3005 lectoribus
1281 2948 1410 3024 gratum
1432 2947 1466 3004 et
1486 2948 1655 3025 acceptum
1682 2960 1734 3002 me

285 3045 403 3110 fecisse
431 3040 637 3106 confiderem.
682 3041 791 3126 Opera
805 3062 884 3106 vero
904 3039 1106 3126 singulorum
1127 3049 1296 3126 poetarum
1312 3041 1429 3127 siquis
1452 3039 1546 3128 plene
1568 3061 1735 3105 recensere

283 3149 316 3212 in
337 3145 482 3209 animum
506 3139 693 3225 induxerit,
716 3163 790 3207 cum
811 3140 1218 3230 nonsolumlibrosprelo
1234 3163 1389 3227 excusos,
1411 3141 1584 3208 sedetiam
1607 3141 1734 3207 codices

283 3270 381 3314 manu
404 3247 542 3331 scriptos
566 3241 718 3308 evolvere
740 3245 917 3338 oportebit3
952 3243 1080 3330 amplae
1102 3247 1189 3310 enim
1212 3265 1321 3310 eorum
1343 3245 1472 3330 copiae,
1502 3243 1574 3309 luce
1600 3243 1736 3309 clariore

282 3352 342 3415 vix
371 3347 506 3433 dignae,
536 3343 645 3409 adhue
667 3345 701 3408 in
723 3343 993 3412 bibliothecarum
1015 3346 1158 3412 tenebris
1186 3345 1303 3430 latent,
1333 3367 1412 3432 ques
1440 3344 1636 3431 inspiciendi
1663 3367 1736 3410 cum

283 3452 377 3519 nobis
405 3448 501 3536 copia
527 3470 594 3515 non
622 3456 723 3530 esset,
750 3447 927 3514 Paranicas
955 3470 1047 3515 meus
1076 3457 1202 3514 tantum
1225 3469 1336 3514 eorum
1364 3449 1560 3532 carminum,
1590 3468 1673 3533 quae
1701 3446 1736 3510 in

283 3553 384 3620 libros
413 3551 587 3618 canonicos
614 3547 840 3622 Menaeorum,
869 3550 1014 3636 Triodii,
1042 3551 1280 3616 Pentecostarii
1307 3560 1440 3638 recepta
1467 3557 1559 3633 sunt,
1593 3548 1737 3614 indicem

284 3655 425 3721 confecit
452 3663 485 3718 et
513 3652 589 3716 huic
616 3651 700 3717 libro
726 3645 909 3718 subiunxit.
953 3653 1149 3741 Priusquam
1177 3662 1285 3718 autem
1314 3652 1556 3740 alphabeticum
1588 3650 1737 3716 ordinem

285 3765 416 3822 secutus
443 3763 613 3842 poetarum
641 3753 725 3820 vitas
756 3775 921 3838 enarrem,
951 3755 1045 3820 brevi
1077 3776 1269 3842 praemoneo
1302 3755 1423 3842 primas
1456 3763 1566 3840 partes
1600 3751 1736 3818 melodis

285 3860 423 3928 Cosmae
459 3856 758 3944 Hierosolymitano
796 3868 829 3925 et
864 3857 982 3922 Ioanni
1018 3856 1242 3942 Damasceno,
1283 3855 1443 3923 secundas
1480 3855 1737 3944 hymnographis

285 3959 477 4046 Theophani
491 3969 523 4024 et
538 3959 678 4046 Iosepho
689 3983 709 4024 a
720 3961 915 4048 Byzantinis
932 3960 1112 4044 assignatas
1128 3981 1210 4042 esse,
1226 3981 1324 4046 quam
1339 3959 1472 4046 quidem
1486 3981 1555 4024 rem
1568 3956 1736 4024 cedrenus

285 4088 317 4151 p.
339 4061 402 4127 456
424 4062 456 4126 D
479 4070 634 4128 testatur:
679 4062 715 4128 ‘0
738 4062 825 4130 ὅςιος
848 4064 996 4143 ’Ἰωάννης
1018 4063 1068 4129 καὶ
1090 4063 1238 4146 μελῳδὸς
1259 4062 1427 4142 ὠνομάςθη
1450 4061 1528 4140 μετὰ
1552 4061 1658 4141 Κοςμά
1678 4065 1737 4126 τοῦ

286 4165 460 4233 ἐπιςκόιτου
488 4167 547 4230 τοῦ
577 4167 727 4245 Μοιουμά
756 4166 808 4230 καὶ
836 4165 1030 4246 Θεοφάνους
1052 4165 1197 4244 ἀδελφοῦ
1220 4165 1396 4244 Θεοδώρου
1417 4167 1484 4230 τῶν
1508 4166 1663 4243 Γραπτῶν
1685 4163 1737 4228 διὰ

285 4269 324 4334 τὸ
347 4267 464 4332 αὐτοὺς
490 4269 670 4349 μελῳδῆςαι
696 4266 736 4330 τὰ
764 4265 799 4332 ἐν
826 4270 895 4332 ταῖς
923 4267 1094 4347 ἐκκληςίαις
1116 4269 1183 4332 τῶν
1207 4267 1402 4346 Χριςτιανῶν
1416 4265 1633 4344 τετυπωμένα
1655 4263 1738 4345 ψάλ-

286 4373 391 4437 λεςθαι
413 4377 511 4453 atque
534 4367 633 4432 etiam
661 4367 805 4452 apertius
830 4367 949 4456 Typici
970 4376 1084 4432 auctor
1111 4388 1181 4454 cap.
1203 4365 1285 4433 VII:
1331 4367 1444 4433 Ἰςτέον
1481 4369 1517 4433 δὲ
1552 4369 1605 4433 καί
1631 4371 1737 4442 τοῦτο,

287 4474 332 4538 ὡς
355 4471 445 4552 εἴπερ
473 4470 538 4550 ἔχει
560 4471 598 4534 τὸ
621 4471 770 4549 Μηναῑον
793 4470 829 4536 ἐν
851 4471 954 4554 μνήμῃ
983 4471 1076 4546 ἁγίου
1106 4472 1194 4537 τινὸς
1220 4471 1360 4537 κανόνας
1387 4470 1556 4551 διαφόρων
1580 4476 1736 4550 ποιητῶν,

288 4575 315 4640 εἰ
336 4573 394 4654 μέν
417 4574 481 4638 teu
502 4573 612 4639 κανὼν
635 4571 654 4638 ὁ
676 4575 735 4637 τοῦ
757 4573 866 4653 κυρίου
891 4573 1011 4657 Κοςμᾶ,
1033 4573 1235 4662 προκριτέος·
1264 4572 1290 4638 εἰ
1312 4573 1348 4638 δὲ
1369 4575 1429 4637 τοῦ
1451 4571 1563 4652 κυρίου
1584 4571 1738 4637 Ἰωάννου

288 4675 338 4740 καί
360 4675 493 4755 ἑτέρων,
521 4671 540 4737 ὁ
562 4677 620 4738 τοῦ
643 4673 794 4740 Ἰωάννου
816 4673 1035 4756 προκρίνεται·
1066 4673 1093 4739 εί
1114 4676 1150 4741 δὲ
1170 4679 1229 4740 τοῦ
1252 4673 1362 4753 κυρίου
1384 4673 1577 4754 Θεοφάνους
1599 4674 1651 4738 καί
1673 4671 1737 4736 ἑτέ-

288 4797 365 4860 των,
388 4775 408 4842 ὁ
430 4777 488 4842 τοῦ
511 4775 621 4857 κυρίου
644 4777 837 4862 Θεοφάνους
860 4777 1080 4860 προκρίνεται·
1112 4775 1322 4860 προτιμητέος
1351 4777 1413 4860 γάρ
1441 4777 1504 4846 ἐςτι
1524 4777 1592 4850 τῶν
1613 4775 1737 4843 ἄλλων·
