3800 5474
528 399 594 456 LIB.
609 400 630 458 I.
659 401 706 456 DE
721 401 848 458 Portus
864 399 1092 458 cauteriatus
1108 399 1270 456 GRAECIS.
1561 400 1625 458 XIX
1710 357 1716 364 Ι

170 548 269 630 lecit,
299 549 497 614 coniecturis
526 546 620 614 reddi
647 569 713 614 nou
736 547 864 614 debeat.
908 546 1023 633 Neque
1044 557 1154 614 tamen
1175 549 1282 632 magis
1305 546 1422 612 Cobeti
1446 549 1628 614 sententiae

170 648 368 734 adstipulor,
398 651 455 736 qui
484 650 519 714 ia
547 650 654 733 Λογίῳ
681 651 775 734 Ἐρμῇ
798 649 831 732 1,
862 649 927 714 494
958 651 1094 716 resectis
1127 647 1250 714 ultimis
1284 651 1441 736 cuiusque
1473 648 1629 715 versiculi

172 751 284 816 verbis
307 750 458 836 volgares
481 750 672 816 monomstri
695 752 895 838 anapaestioi
918 752 1041 816 formas
1062 751 1216 818 restituit.
1261 749 1422 837 Equidem
1446 751 1527 816 haec
1548 773 1626 838 qua-

170 863 245 918 tuor
256 853 421 937 cola,cum
432 862 466 918 et
476 847 710 918 obscurissima
724 873 796 921 esse
811 862 844 918 ct
859 853 900 918 iis
917 854 1111 920 sententiam
1123 854 1236 939 quinto
1249 873 1346 918 versu
1362 853 1626 940 comprehensam

172 955 301 1020 inficete
329 954 460 1020 dilatari
490 975 697 1040 cognossem,
726 956 769 1022 ab
797 956 977 1020 recentiore
1005 955 1114 1042 aliquo
1136 954 1385 1041 interpolatore,
1414 957 1629 1044 mysticarum

172 1077 335 1142 nugarum
357 1055 414 1122 illo
438 1057 632 1123 studiosiore
655 1079 753 1144 quam
775 1067 882 1123 tersae
903 1057 1072 1138 orationis,
1094 1057 1222 1121 adiecta
1245 1078 1316 1121 esse
1338 1056 1437 1141 duxi3
1460 1056 1628 1144 quodque

172 1168 318 1244 tempore
340 1157 462 1224 sactum
484 1160 539 1240 sit,
562 1158 640 1224 inde
661 1158 771 1246 aliqua
793 1181 835 1224 ex
850 1167 943 1245 parte
958 1159 1087 1224 definiri
1103 1168 1222 1246 potest,
1245 1158 1332 1245 quod
1354 1159 1395 1224 iis
1417 1158 1626 1224 numerorum
1735 1219 1738 1226 .

170 1259 315 1344 legibus,
338 1282 421 1346 quae
443 1259 532 1347 apud
555 1259 752 1346 byzantinos
774 1259 918 1326 melodos
944 1259 1033 1325 solae
1055 1259 1224 1343 valebant,
1248 1259 1424 1326 adstrictae
1446 1270 1532 1326 sunt.
1577 1259 1628 1324 Ne

170 1359 281 1448 plura,
310 1363 365 1447 qui
394 1363 595 1448 anapaestici
622 1362 748 1427 metrici
771 1362 925 1428 versiculi
949 1363 1030 1426 viris
1053 1360 1158 1426 doctis
1182 1362 1362 1444 visisunt,
1391 1363 1471 1427 mihi
1494 1362 1625 1427 dimetri

170 1462 303 1528 iambici
325 1462 502 1550 rhythmici
525 1473 677 1528 octonum
700 1463 900 1550 syllabarum
923 1484 995 1528 esse
1016 1463 1170 1530 videntur
1191 1465 1253 1528 hoc
1275 1464 1371 1529 modo
1393 1463 1582 1530 ordinandi:

642 1583 1177 1622 .t.2.:.==0-u.·.v-ua

645 1653 776 1732 ςτομίον
799 1653 920 1718 πώλων
943 1652 1066 1734 ἀλοῶν,

640 1755 760 1834 πτερὸν
783 1753 925 1834 ὀρνίθων
948 1753 1116 1835 ἀπλανῶν,

641 1854 712 1922 οἴαξ
734 1855 859 1935 νηπίων
882 1855 1031 1935 ἀτρεκὴς,

640 1958 759 2036 ποιμὴν
782 1957 892 2037 ἀρνῶν
911 1957 1092 2036 βαςιλικῶν.

171 2058 319 2122 Resectis
341 2057 456 2142 primis
479 2066 617 2142 quatuor
638 2055 730 2140 colis,
753 2065 901 2144 quatuor,
926 2077 1009 2143 quae
1030 2056 1065 2120 in
1087 2056 1256 2121 codicibus
1279 2056 1336 2121 illa
1353 2067 1542 2145 sequuntur,
1565 2081 1625 2124 suo

169 2159 241 2225 loco
268 2167 358 2224 mota
387 2167 461 2245 post
488 2158 680 2224 vicesimum
708 2159 846 2246 primum
869 2160 916 2223 ita
938 2158 1106 2242 collocavi,
1128 2168 1165 2224 ut
1186 2160 1344 2242 hymnus,
1373 2158 1407 2223 id
1430 2161 1516 2246 quod
1539 2183 1625 2227 oom-

170 2259 267 2326 mode
289 2259 358 2325 fieri
380 2282 492 2343 nemo,
521 2262 551 2326 si
572 2260 623 2325 dis
645 2259 768 2346 placet,
794 2261 917 2326 infitias
945 2259 1024 2342 ibit,
1052 2283 1073 2324 a
1096 2263 1226 2328 Βαςιλεῡ
1253 2261 1370 2344 ἁγίων,
1398 2263 1476 2340 λόγε
1503 2269 1625 2330 πανδα-

168 2363 279 2443 μάτωρ
301 2361 431 2427 initium
452 2363 569 2450 capiat.

255 2481 385 2566 Agmen
416 2483 597 2547 carminum
624 2481 742 2567 prioris
770 2480 872 2568 partis
901 2473 1109 2566 anthologiae
1136 2480 1230 2562 ὕμνοι
1258 2481 1430 2548 rutmors
1458 2481 1625 2568 claudunt,
1653 2503 1656 2512 ’

169 2583 227 2668 qui
249 2604 322 2648 cum
344 2603 423 2648 vere
444 2581 656 2648 ecclesiastici
679 2583 844 2664 dicautur,
866 2583 1056 2647 memoriam
1077 2581 1259 2662 carminum
1281 2603 1447 2648 sacrorum
1470 2583 1627 2650 ecclesiae

171 2685 369 2748 christianae
395 2682 494 2777 altius
520 2684 581 2750 hoc
603 2683 673 2749 loco
695 2691 842 2770 repetere
863 2682 944 2748 mihi
967 2683 1075 2750 visum
1098 2691 1157 2752 est.
1181 2685 1312 2771 ¹Atque
1333 2686 1473 2773 primum
1495 2685 1626 2773 quidem

171 2784 292 2850 Paulus
320 2785 487 2871 apostolus
516 2786 549 2849 in
578 2787 738 2873 epist'ad
760 2785 882 2874 Ephes.
904 2785 943 2863 V,
970 2785 1008 2850 18
1031 2786 1096 2868 (καὶ
1122 2787 1163 2865 μὴ
1190 2787 1374 2864 μεθύςκεςθε
1403 2788 1503 2871 οίνῳ,
1531 2787 1568 2855 ἐν
1598 2789 1625 2872 ᾧ

171 2888 254 2953 ἐςτίν
287 2888 424 2970 ἀςωτία,
458 2876 541 2954 ἀλλὰ
574 2892 752 2970 πληροΰςθε
785 2888 821 2954 ἐν
854 2888 1010 2967 πνεύματι
1043 2890 1219 2956 λαλοῦντες
1252 2889 1379 2955 ἑαυτοῖς
1406 2891 1546 2969 ψαλμοῖς
1576 2892 1628 2956 καί

171 2989 284 3067 ὕμνοις
310 2991 362 3054 καί
389 2991 488 3074 ᾠδαῖς
515 2993 741 3070 πνευματικαῖς
768 2989 903 3074 ᾄδοντες
930 2991 982 3056 καί
1008 2989 1190 3070 ψάλλοντες
1212 2989 1251 3057 ἐν
1272 2995 1310 3074 τῇ
1333 2990 1447 3074 καρδίᾳ
1468 2991 1559 3071 ἡμῶν
1580 2997 1627 3074 τῷ

171 3090 285 3175 κυρίῳ)
308 3099 341 3154 et
363 3091 458 3176 epist.
483 3091 525 3155 ad
548 3090 623 3155 Cor.
646 3090 710 3172 III,
736 3091 775 3155 16
799 3090 850 3173 (ἐν
872 3091 956 3174 πάςῃ
979 3091 1078 3176 ςοφίᾳ
1099 3091 1302 3158 διδάςκοντες
1324 3093 1375 3156 καί
1396 3095 1628 3159 νουθετοῦντες

171 3191 306 3257 ἑαυτοὺς
340 3197 482 3273 ψαλμοῖς
514 3193 626 3274 ὕμνοις
659 3194 710 3258 καὶ
737 3193 835 3277 ᾠδαῖς
863 3195 1100 3272 πνευματικαῖς,
1135 3194 1170 3260 ἐν
1199 3194 1303 3274 χάριτι
1330 3193 1465 3276 ᾄδοντες
1493 3195 1529 3261 ἐν
1556 3197 1626 3260 ταῖς

171 3294 313 3373 καρδίαις
334 3294 426 3374 ἡμῶν
447 3300 494 3380 τῷ
518 3294 596 3379 θεῷ)
618 3293 815 3359 christianos
844 3293 910 3357 iam
939 3293 1177 3380 antiquissimis
1205 3294 1407 3381 temporibus
1436 3292 1570 3380 psalmis
1595 3303 1628 3359 et

170 3393 302 3481 hymnis
331 3403 365 3461 et
390 3395 463 3460 odis
491 3393 717 3480 spiritualibus
745 3394 843 3460 deum
872 3393 1055 3460 celebrasse
1076 3395 1250 3460 memoriae
1272 3395 1434 3481 prodidit,
1463 3396 1521 3462 sed
1543 3417 1639 3481 quae¹

171 3493 228 3560 ille
256 3496 402 3560 carmina
429 3493 629 3562 intellexerit
655 3504 688 3561 ct
715 3494 795 3582 quid
822 3495 1023 3561 discriminis
1051 3497 1137 3561 inter
1165 3497 1245 3577 tria,
1275 3516 1358 3581 quae
1385 3505 1627 3578 commemorat,

170 3618 295 3682 genera
315 3598 495 3662 carminum
518 3598 748 3681 intercesserit,
772 3597 829 3662 diu
851 3596 1053 3683 multumque
1074 3618 1094 3661 a
1116 3596 1197 3661 viris
1212 3594 1317 3661 doctis
1333 3594 1553 3683 disceptatum
1567 3605 1628 3662 est.

173 3697 286 3764 Verba
300 3699 432 3785 quidem
447 3700 520 3786 ipsa
535 3700 564 3765 si
579 3699 791 3786 spectaretis,
806 3698 888 3764 nihil
910 3721 989 3764 sane
1009 3699 1159 3786 impedit,
1183 3699 1356 3786 quominus
1378 3719 1464 3764 nova
1484 3698 1629 3763 carmina

172 3822 193 3864 a
214 3799 347 3865 vatibus
380 3799 565 3867 christianis
596 3800 684 3867 facta
711 3801 776 3866 iam
803 3810 873 3867 tum
889 3801 1068 3866 exstitisse
1096 3809 1129 3866 et
1157 3799 1349 3887 quotidiano
1377 3821 1439 3866 usu
1466 3799 1631 3866 celebrata

173 3921 246 3966 esse
273 3901 453 3968 existimes.
497 3901 610 3988 Neque
637 3903 723 3967 enim
751 3903 862 3989 inepte
888 3903 992 3968 verba
1019 3902 1107 3988 ᾠδὰς
1134 3903 1347 3985 πνευματικὰς
1375 3901 1416 3966 de
1439 3902 1629 3968 christianis

172 4003 368 4068 carminibus
398 4004 444 4068 ita
469 4004 708 4091 interpreteris,
737 4013 774 4068 ut
796 4005 946 4087 ψαλμοὺς
967 4002 1022 4069 vel
1045 4005 1195 4086 ψαλμοὺς
1217 4006 1268 4069 καί
1290 4004 1411 4085 ὕμνους
1434 4003 1476 4068 ad
1498 4014 1627 4070 veteres

172 4103 316 4170 Davidis
338 4104 481 4190 psalmos
503 4106 637 4172 referas.
673 4107 720 4171 At
742 4105 918 4192 permirum
944 4114 1040 4188 esset,
1066 4106 1094 4169 si
1109 4127 1274 4170 sacrorum
1289 4103 1420 4169 illorum
1435 4107 1628 4187 carminum,

172 4206 247 4292 ipsa
274 4214 439 4274 vetustate
466 4208 558 4294 quasi
587 4216 804 4292 sacratorum,
832 4207 916 4273 nihil
944 4207 987 4272 ad
1015 4215 1162 4293 posteros
1190 4214 1406 4293 propagatum
1435 4214 1531 4270 esset.
1575 4207 1629 4269 An

173 4307 368 4374 christianos
391 4309 579 4375 memoriam
601 4331 708 4376 rerum
731 4310 773 4375 ab
795 4307 951 4396 apostolis
980 4316 1148 4393 gestarum
1175 4305 1326 4390 religiose
1355 4305 1551 4372 servandam
1573 4326 1627 4370 cu·

173 4431 274 4491 rasse,
294 4411 440 4476 carmina
457 4411 696 4497 antiquissimis
712 4408 916 4498 temporibus
933 4406 1098 4474 celebrata
1120 4417 1153 4472 et
1173 4409 1247 4493 ipsa
1268 4406 1441 4472 modorum
1464 4407 1628 4472 suavitate

173 4511 303 4594 facilius
325 4510 492 4578 hominnm
514 4512 630 4578 animis
646 4512 848 4578 inhaerentia
861 4509 987 4576 aboleri
1008 4508 1217 4574 oblivioneve
1239 4509 1335 4598 obrui
1358 4509 1475 4574 sivisse
1496 4506 1626 4597 putabi-

175 4611 270 4677 mus?
292 4612 368 4694 Qua
383 4613 424 4678 dc
440 4635 627 4679 causacum
643 4613 821 4680 dotalibus
837 4611 1036 4677 carminibus
1053 4609 1134 4675 nihil
1150 4608 1299 4693 relatum,
1321 4610 1442 4676 nedum
1464 4611 1627 4696 integrum

175 4724 341 4779 servatum
358 4717 412 4798 sit,
428 4717 537 4781 omnia
558 4717 622 4782 tria
643 4715 775 4781 nomina
796 4713 838 4781 ad
863 4715 1006 4779 carmina
1020 4733 1124 4794 sacra,
1147 4733 1231 4799 quae
1245 4713 1416 4778 christiani
1432 4711 1475 4777 ab
1490 4712 1627 4788 Iudaeo·

175 4837 246 4880 rum
269 4817 446 4902 synagogis
469 4838 534 4881 una
556 4839 629 4882 cum
652 4817 784 4882 musicis
807 4815 915 4880 modis
938 4823 1196 4900 assumpserant,
1219 4815 1392 4882 reserenda
1413 4835 1486 4880 esse
1507 4813 1628 4880 iudico.

1388 4917 1429 4976 b*
