3800 5474
547 389 613 445 LIB.
629 389 649 443 l.
678 389 726 444 DE
741 387 869 444 POETIS
884 387 1113 480 CHRISTIAAIIS
1128 389 1291 445 GRAECIS.
1579 389 1643 446 XXI

190 536 321 622 quidem
351 535 466 601 referri
494 542 618 621 potest3
653 535 738 600 unde
766 533 941 601 concludas
973 537 1000 601 si
1028 558 1091 601 uon
1122 557 1249 618 omnes,
1277 545 1312 601 at
1341 545 1451 602 tamen
1480 537 1641 625 Bithynos

188 639 383 704 christianos
407 659 491 703 novo
512 635 654 722 quodam
670 635 812 702 carmine
828 636 994 704 Christum
1010 638 1106 703 dersm
1122 637 1315 720 celebrasse,
1338 639 1401 702 nisi
1418 659 1495 704 vero
1510 659 1642 705 carmen

186 738 343 805 formulas
362 737 699 824 exclamationesque,
718 737 821 803 veluti
836 740 927 820 Κύριε
943 740 1076 820 ἑλέηεον
1089 748 1121 804 et
1132 740 1302 816 Εὐλογεῑτε
1315 741 1374 807 τὸν
1388 740 1510 824 κύριον,
1527 743 1641 808 recia-

187 852 239 907 tas
262 843 371 929 potius
393 863 490 927 quam
512 847 672 921 cantatas,
694 838 930 926 intellegemus,
947 851 1004 906 aut
1019 840 1161 906 Plinium
1183 839 1267 906 falso
1283 840 1337 906 vel
1352 863 1466 926 parum
1489 853 1642 909 accurate
1760 875 1765 878 ·

188 943 228 1008 de
250 942 347 1008 rebus
369 941 555 1008 christianis
578 941 743 1007 rettulisse
764 941 964 1028 putabimus.
993 941 1057 1008 Sed
1073 941 1172 1007 Plinii
1187 942 1372 1008 testimonio
1394 943 1460 1008 alia
1480 945 1642 1010 accedunt

186 1045 294 1111 minus
317 1051 476 1131 suspecta.
522 1044 743 1109 Doctissimus
766 1043 852 1108 enim
874 1052 969 1130 pater
990 1043 1159 1127 eeclesiae,
1182 1045 1342 1128 Origenes
1366 1045 1399 1109 in
1421 1043 1506 1112 libro
1528 1055 1642 1113 contra

187 1148 317 1212 Celsum
334 1146 430 1229 VIII,
445 1147 485 1212 67
506 1145 703 1212 christianos
726 1144 927 1211 orthodoxos
950 1146 1012 1210 hec
1034 1168 1069 1212 re
1092 1147 1134 1212 ab
1157 1145 1328 1212 haereticis
1352 1145 1482 1212 differre
1504 1151 1640 1232 monuit,

186 1249 274 1336 quod
297 1250 365 1315 nisi
394 1250 427 1314 in
456 1248 552 1314 deum
581 1256 707 1333 patrem
734 1246 868 1334 eiusque
896 1246 999 1313 filium
1021 1247 1223 1334 unigenitum
1246 1248 1385 1336 hymnos
1407 1271 1472 1314 non
1494 1248 1642 1316 dicerent

187 1353 322 1438 (ancone
348 1353 410 1431 γὰρ
438 1351 483 1416 εἰ(
510 1350 614 1433 μόνον
641 1351 700 1416 τὸν
729 1350 765 1416 ἐν
793 1353 868 1416 πᾶα
896 1351 1032 1432 λέγομεν
1061 1351 1137 1418 Θεὸν
1165 1352 1216 1432 καὶ
1243 1351 1301 1417 τὸν
1328 1356 1489 1432 μονογενῆ
1513 1353 1638 1434 αὐτοῦ).

186 1453 231 1518 Et
263 1452 349 1540 quod
383 1451 546 1518 Eusebius
580 1449 656 1515 hist.
684 1448 762 1514 eccl.
792 1451 837 1532 V,
865 1451 924 1534 30,
957 1452 995 1515 10
1023 1451 1249 1516 Firmilianum
1281 1451 1510 1539 Cappadocem
1543 1456 1639 1519 tertio

185 1554 316 1622 saeculo
343 1555 486 1640 psalmos
514 1553 547 1617 iu
570 1552 680 1618 Iesum
702 1551 870 1618 Christum
898 1552 1002 1618 factos
1031 1552 1225 1635 abolendos,
1253 1574 1429 1640 eorumque
1455 1553 1525 1620 loco
1547 1554 1639 1638 alios,
1749 1597 1750 1605 .

184 1658 303 1745 quibus
324 1657 428 1743 ipsius
451 1655 659 1741 praeconium
682 1655 913 1736 contineretur,
937 1653 1074 1740 hymnos
1096 1654 1130 1720 in
1145 1653 1290 1721 ecclesiis
1311 1655 1489 1722 cantandos
1505 1679 1639 1723 curasse

185 1760 276 1843 dicit,
299 1758 452 1842 Origcnis
474 1757 695 1822 testimonium
717 1777 777 1842 per
798 1755 953 1840 ambages
975 1756 1154 1822 confirmat.
1191 1757 1343 1844 Denique
1365 1757 1451 1822 idem
1475 1757 1638 1824 Eusebius

185 1862 225 1942 V,
247 1862 300 1945 32,
320 1862 342 1926 5
364 1859 405 1926 ad
429 1860 597 1927 doctrinae
619 1856 817 1923 christianae
839 1857 936 1923 fidem
957 1857 1198 1923 defendendam
1221 1857 1325 1924 utitur
1347 1859 1532 1926 testimonio
1553 1860 1639 1946 psal·

184 1985 326 2043 morum,
355 1963 602 2044 ὅεοιάδελφῶν
631 1962 693 2028 ἀπ’
714 1961 815 2041 ἀρχῆς
843 1961 909 2026 ὑπὸ
937 1965 1048 2028 παεῶν
1070 1963 1239 2042 γραφεῑεαι
1260 1961 1319 2027 τὸν
1341 1960 1443 2040 λόγον
1465 1967 1524 2028 τοῦ
1549 1969 1637 2046 θεοῦ,

184 2068 242 2133 τὸν
266 2068 401 2146 >totam
423 2064 556 2145 ὑμνοῦα
577 2067 820 2139 θεολογοῦντεε.

204 2213 208 2222 .
268 2167 424 2254 Inprimis
453 2174 562 2230 autem
591 2163 746 2230 haeretici
777 2163 915 2251 hymnos
943 2164 1109 2250 pangendi
1136 2164 1337 2251 canendique
1363 2175 1467 2230 artem
1496 2165 1636 2248 alebant,

183 2272 268 2336 inter
295 2291 377 2357 quos
405 2290 479 2333 cum
507 2265 643 2332 aliorum
671 2275 742 2331 tum
770 2265 906 2354 Nepotis
935 2267 1078 2355 episcopi
1107 2267 1252 2354 Aegypti
1282 2267 1382 2350 (conl.
1409 2266 1532 2333 Euseb.
1562 2267 1637 2334 hist.

183 2371 261 2436 cccl.
286 2370 368 2451 VII,
392 2368 444 2452 24,
467 2367 504 2433 4:
536 2369 736 2450 ἀποδέχομαι
758 2369 809 2433 καὶ
831 2369 948 2446 ἀγαπῶ
972 2371 1109 2435 Νέπωτα
1207 2370 1258 2435 καὶ
1278 2373 1335 2450 τῆ(
1357 2370 1480 2448 πολλῆ(
1503 2372 1634 2454 ψαλμῳ-

183 2475 267 2552 δίας,
289 2475 309 2557 ᾗ
332 2473 422 2553 μέχρι
444 2476 504 2539 νῦν
526 2473 646 2537 πολλοὶ
665 2475 732 2538 τῶν
762 2469 916 2552 ἀδελφῶν
945 2473 1170 2554 ἐνθυμοῦνται)
1201 2471 1317 2535 Ariani
1346 2470 1444 2555 (conf.
1469 2471 1637 2536 Socratem

183 2574 216 2658 I,
240 2575 261 2638 9
282 2573 434 2639 Photium
461 2573 494 2638 in
522 2571 717 2657 Philostcrg.
748 2593 819 2637 exc.
842 2571 892 2655 Il,
915 2570 948 2655 2)
979 2572 1177 2638 Bardesanis
1204 2571 1307 2657 (conf.
1335 2571 1532 2637 Theodoreti
1557 2572 1635 2644 hist.

182 2674 261 2741 eccl.
284 2674 344 2757 IV,
367 2674 409 2740 29
431 2673 601 2740 Sozomeni
624 2673 700 2738 bist.
724 2673 803 2738 ecel.
824 2673 884 2755 VI,
907 2673 949 2738 25
971 2681 1004 2738 et
1025 2675 1173 2761 inprimis
1195 2674 1283 2759 Aug.
1306 2672 1430 2738 Hahnii
1452 2672 1573 2738 librum
1595 2673 1637 2740 de
1669 2677 1675 2686 '

182 2777 370 2844 Bardesane
385 2776 546 2842 Gnostieo
568 2775 725 2861 Syrorum
748 2776 853 2862 primo
876 2774 1087 2862 hymnolcgo)
1116 2775 1316 2864 Apollinaris
1340 2774 1439 2862 (conf.
1463 2774 1636 2840 Sozomeni

182 2879 259 2946 hist.
276 2878 356 2944 cccl.
372 2877 503 2963 V1,25)
525 2878 673 2942 carmina
694 2876 889 2963 pervulgata
910 2877 1013 2943 luisse
1034 2876 1258 2964 perhibentur.
1304 2876 1378 2942 Huc
1394 2877 1636 2943 Naassenorum

182 3003 311 3070 quoque
332 2981 488 3066 psalmus,
510 2981 544 3045 in
567 2979 627 3044 hac
648 2977 837 3064 anthologia
857 3003 890 3066 p.
912 2979 955 3043 32
977 2978 1094 3061 editus,
1118 2979 1267 3064 pertinet,
1290 2977 1332 3042 dc
1354 3001 1417 3066 quo
1439 2978 1538 3066 paulo
1560 2988 1636 3046 ante
1750 3035 1759 3050 .
1855 3049 1858 3060 ,

181 3083 286 3150 fusius
302 3091 536 3148 commentatus
552 3103 632 3146 sum.
668 3078 734 3146 Sed
755 3079 836 3146 haec
857 3081 930 3167 ipsa
952 3091 1022 3146 erat
1043 3102 1152 3165 causa,
1174 3102 1233 3146 eur
1254 3078 1456 3147 orthodoirae
1478 3081 1635 3148 ecclesiae

182 3186 344 3250 antistites
372 3184 449 3248 inde
471 3207 492 3249 a
514 3181 620 3248 medio
643 3182 739 3247 tertio
761 3183 906 3264 saeculo,
933 3205 974 3248 ne
997 3204 1142 3248 errorum
1164 3181 1254 3247 labes
1278 3183 1448 3248 modorum
1470 3185 1635 3250 suavitate

182 3286 405 3352 commendata
426 3284 526 3350 latius
548 3292 707 3370 serperet,
738 3285 883 3350 novicios
907 3283 1043 3370 hymnos
1067 3284 1316 3371 exstirpandos,
1340 3295 1468 3350 veteres
1491 3285 1635 3370 psalmos

181 3388 323 3454 Davidis
351 3396 384 3453 et
411 3388 539 3453 cantica
566 3408 607 3451 ex
635 3383 727 3450 libris
753 3388 854 3474 sacris
877 3395 1032 3470 excerpta
1053 3387 1147 3451 unice
1170 3383 1338 3472 probanda
1360 3407 1431 3450 esse
1453 3395 1633 3451 censerent.

182 3490 315 3574 Insigne
336 3489 432 3554 huius
456 3490 503 3554 rei
525 3487 755 3554 documentum
776 3485 907 3552 concilii
928 3486 1139 3552 Laodicensis
1162 3507 1266 3552 canon
1289 3485 1372 3550 LIX
1394 3488 1545 3572 praebet,
1569 3510 1633 3573 quc
1737 3513 1740 3518 ¹

180 3601 289 3680 patres
312 3591 500 3676 congregati
522 3600 694 3671 caverunt,
717 3611 758 3654 ue
781 3588 906 3654 idiotici
928 3585 1061 3674 psalmi,
1086 3610 1166 3676 quos
1189 3588 1298 3653 neseio
1319 3609 1361 3652 aa
1379 3586 1527 3654 novicios
1549 3587 1632 3653 chri-

181 3697 305 3760 stianos
326 3693 440 3759 eodem
460 3693 531 3757 iure
551 3713 615 3778 quo
636 3690 829 3768 subditicios
851 3690 1033 3756 Salomonis
1053 3688 1236 3777 intellegas,
1256 3691 1291 3755 in
1305 3689 1442 3756 ecclesia
1457 3690 1631 3756 recitaren-

181 3806 252 3879 tur,
280 3817 344 3883 quo
373 3816 445 3860 eum
474 3793 604 3860 decreto
633 3791 869 3859 admonitiones
898 3793 1099 3878 singulorum
1125 3793 1351 3880 episcoporum
1373 3791 1632 3881 scriptorumque

181 3897 341 3965 aBuhlio
363 3896 384 3963 l.
409 3895 431 3963 l.
454 3919 484 3984 p.
511 3895 571 3960 197
594 3917 643 3981 sq.
665 3893 822 3961 collectae
843 3892 940 3983 plane
962 3895 1161 3980 conspirant.

264 3999 358 4081 Quae
386 4020 460 4065 cum
488 4001 537 4064 ita
563 4006 684 4079 essent,
712 3995 842 4082 hymni,
870 3996 989 4083 quibus
1017 3995 1130 4062 laudes
1159 3997 1280 4062 domini
1307 3997 1410 4062 nostri
1438 4005 1633 4063 cancrentur

179 4101 444 4187 christianaeque
466 4101 632 4166 doctrinae
654 4098 810 4186 mysteria
831 4109 1070 4180 enarrarentur,
1092 4098 1254 4164 conscribi
1270 4098 1459 4185 cantarique
1474 4101 1631 4185 paulaIIm

179 4203 357 4271 desierunt.
401 4204 518 4268 Preces
541 4209 667 4267 tantum
694 4202 888 4283 matutinae,
914 4201 1136 4288 vespertinae,
1164 4201 1363 4283 cenatoriae,
1391 4200 1534 4265 numeris
1555 4200 1632 4265 illae

179 4306 311 4393 quidem
344 4304 551 4372 liberioribus
588 4305 787 4390 compositae
822 4325 927 4390 neque
962 4312 1071 4374 tamen
1107 4301 1306 4388 psalmorum
1341 4301 1497 4386 gravitati
1533 4311 1631 4390 atque

179 4397 372 4496 stblimiuti
406 4406 638 4488 conferendae,
673 4406 707 4469 in
739 4427 801 4472 usu
831 4404 1022 4492 quotidiano
1049 4412 1308 4490 permanserunt.
1357 4403 1490 4468 Partem
1518 4426 1629 4470 earum

178 4511 332 4576 librarius
350 4508 470 4595 aliquis
485 4507 764 4574 Constituticuum
786 4506 1038 4594 apostolicarum
1060 4503 1145 4572 libro
1167 4505 1307 4591 septimo
1328 4503 1455 4591 pridem
1479 4507 1629 4592 subiecit,

179 4612 266 4678 unde
288 4635 344 4678 eas
367 4607 439 4676 aliis
462 4608 659 4696 quibusdam
682 4617 795 4676 auctas
817 4611 851 4675 in
872 4609 933 4674 hoc
955 4609 1038 4675 libro
1059 4606 1255 4695 repetendas
1277 4609 1474 4673 curavimus.

263 4715 373 4801 Atque
397 4711 501 4800 primo
524 4710 654 4798 quidem
676 4709 747 4778 loco
767 4709 971 4798 praeclarum
993 4711 1151 4800 hymnum
1172 4709 1365 4775 matutinum
1387 4708 1628 4793 collocavimus,

178 4839 273 4906 quem
296 4838 317 4883 a
337 4817 442 4902 primo
466 4813 626 4881 vocabulo
649 4813 842 4892 δοξολογίαν
869 4821 1060 4898 nuncupant
1081 4824 1113 4879 et
1134 4813 1322 4881 etiamnunc
1346 4813 1382 4878 ia
1409 4811 1627 4882 celeberrimis
