3800 5474
278 373 330 428 ΧΠ
737 413 742 416 -
865 375 1145 432 PROLEGOMENA.

277 521 368 586 cuius
397 541 458 606 ope
486 520 689 585 Boissonadc
716 523 749 585 in
779 519 929 607 Sylloges
958 531 1127 607 poetarum
1149 543 1340 606 graecorum
1362 530 1448 586 tomo
1473 523 1536 588 XV
1558 521 1730 588 nonnullos

277 618 365 686 locos
388 619 529 686 feliciter
551 623 749 687 emendavit.
786 625 895 709 Atque
910 623 1117 689 Boissonadii
1139 622 1270 706 librum,
1284 623 1318 686 in
1334 624 1394 689 boc
1417 623 1547 710 quidem
1570 633 1728 689 terrarum

277 722 351 786 sinu
378 723 581 788 rarissimum
609 724 732 810 diuque
754 746 774 788 a
796 746 848 788 me
869 725 993 789 frustra
1014 725 1215 810 quaesitum,
1244 722 1378 788 tandem
1406 725 1632 810 Zottenbergii
1660 727 1729 790 ofli-

274 822 364 886 ciosa
392 824 538 887 amicitia
567 825 629 889 sub
657 827 731 912 ipsa
759 823 926 890 molimina
955 823 1032 890 belli
1054 825 1250 890 atrocissimi
1272 825 1409 890 Parisiis
1431 825 1511 890 mihi
1534 828 1727 892 transmisit.

275 923 384 1010 Ipsius
413 933 520 988 autem
549 925 672 990 codicis
699 927 878 1013 pleniorem
906 927 1055 993 notitiam
1084 927 1170 1014 quod
1198 928 1342 991 nancisci
1372 927 1450 992 mihi
1473 951 1537 992 non
1559 925 1667 1009 licuit,
1690 950 1728 992 eo

275 1026 482 1110 potissimum
512 1027 642 1092 nomine
670 1025 780 1108 doleo,
813 1027 900 1114 quod
924 1027 1125 1092 Boissonade
1148 1051 1270 1114 paucas
1288 1025 1550 1093 'tantumvarias
1573 1028 1728 1094 lectiones

275 1127 350 1192 inde
373 1128 555 1216 excerpsit,
580 1149 700 1214 neque,
724 1127 829 1192 sicubi
845 1151 865 1192 a
880 1128 1014 1214 vulgato
1031 1139 1124 1194 textu
1139 1131 1289 1210 recessit,
1312 1139 1420 1193 utrum
1436 1128 1610 1195 emendata
1632 1130 1728 1196 lectio

273 1227 397 1293 codicis
419 1229 485 1293 fide
507 1230 666 1294 niteretur
688 1252 730 1294 an
753 1231 876 1314 ingenii
899 1231 1040 1294 acumini
1063 1229 1248 1313 deberetur,
1271 1229 1422 1316 religiose
1445 1232 1626 1297 adnotavit.
1663 1233 1726 1298 Ne-

175 1379 183 1394 .
273 1351 336 1415 que
358 1321 399 1395 J‚'
415 1330 450 1396 G.
475 1330 652 1417 Thylonis,
682 1333 738 1418 qui
767 1330 966 1396 lautissimas
994 1333 1098 1397 critici
1127 1343 1305 1420 apparatus
1333 1334 1444 1420 copias
1471 1335 1725 1419 conquisiverat,

272 1452 371 1517 opera
394 1430 531 1497 multum
554 1432 686 1498 adiutus
709 1455 796 1514 sum,
819 1434 972 1520 quoniam
995 1443 1061 1496 tarn
1083 1433 1228 1519 prolixos
1250 1435 1498 1500 commentarios
1520 1437 1725 1522 conscripsit,

272 1541 309 1596 ut
330 1530 460 1598 duobus
483 1536 731 1619 programmatis
755 1558 818 1600 non
834 1535 908 1622 plus
931 1533 1162 1621 quam'viginti
1184 1536 1326 1622 quinque
1347 1558 1461 1600 versus
1484 1537 1672 1602 emendaret
1694 1550 1726 1602 et

271 1631 462 1698 illustraret.

357 1734 489 1821 Synesii
517 1734 629 1799 decem
657 1736 795 1824 hymnos
825 1739 858 1802 in
881 1749 993 1804 nostra
1014 1738 1203 1824 anthologia
1225 1740 1369 1804 earmina
1390 1737 1512 1804 selecta
1533 1740 1725 1826 Gregorii

271 1846 466 1922 sequuntur,
501 1839 553 1902 cui
587 1838 630 1902 ab
658 1839 754 1919 urbe,
789 1840 880 1903 cuius
910 1841 1082 1928 episcopus
1109 1841 1232 1922 fuerat,
1266 1841 1483 1924 Nazianzeni‚
1517 1850 1549 1905 et
1581 1864 1601 1906 a
1629 1842 1726 1906 docta

271 1939 451 2024 sapientia,
486 1961 551 2024 qua
583 1938 660 2003 lidei
693 1939 891 2004 christianae
918 1941 1138 2027 integritatem
1166 1952 1280 2007 eontra
1307 1943 1486 2008 haereticos
1514 1942 1724 2023 defendebat,

271 2038 415 2124 theologi
443 2061 623 2124 cognomen
646 2039 788 2104 inditum
810 2049 869 2105 est.
904 2043 992 2106 Huic
1013 2065 1208 2131 quamquam
1232 2043 1409 2108 seeundum
1439 2043 1543 2107 locum
1571 2044 1723 2128 adsigna-

271 2141 395 2222 vimus,
424 2151 531 2205 tamen
560 2144 682 2227 primas
711 2141 904 2206 deferendas
933 2165 1020 2228 esse,
1048 2147 1076 2208 si
1099 2155 1131 2210 ct
1157 2154 1338 2231 temporum
1361 2146 1519 2208 rationem
1548 2155 1581 2210 et
1608 2146 1777 2256 carmi-t

194 2252 197 2262 ’
270 2263 348 2304 num
371 2241 512 2307 indolem
536 2245 749 2330 spectaveris,
773 2267 873 2330 supra
895 2245 959 2308 iam
982 2247 1249 2331 significavimus.
1293 2246 1441 2332 Namque
1463 2245 1571 2312 medio
1593 2247 1723 2311 saeculo

271 2352 388 2428 quarto
416 2365 489 2406 eum
519 2345 668 2410 floruisse
696 2356 744 2426 et,
772 2346 962 2432 priusquam
985 2347 1196 2413 Ptolemaidis
1224 2349 1395 2436 episcopus
1421 2347 1558 2433 hymnos
1581 2369 1722 2434 pangere

270 2444 441 2531 coepisset,
465 2467 550 2511 anno
566 2447 630 2511 389
645 2467 832 2532 supremum
854 2446 940 2511 diem
963 2448 1085 2513 obiisse
1106 2451 1191 2514 inter
1213 2471 1324 2525 ornnes
1348 2457 1485 2513 constat.
1525 2449 1721 2516 Christianis

271 2565 350 2609 vero
384 2548 565 2634 praeceptis
597 2548 660 2611 iarn
688 2569 708 2610 a
735 2547 925 2632 parentibus
961 2549 1148 2615 christianis
1183 2550 1324 2615 imbutus
1354 2559 1385 2614 et
1412 2552 1589 2616 acerrimus
1623 2573 1722 2616 verae

270 2645 346 2710 tidei
375 2647 499 2712 vindex
527 2657 623 2734 atque
653 2648 805 2724 defensor
833 2650 940 2715 factus
968 2653 1002 2715 in
1029 2652 1229 2716 carminibus
1257 2673 1401 2739 quoque,
1435 2673 1520 2738 quae
1547 2673 1657 2718 senem
1686 2675 1721 2718 se

270 2749 682 2843 conscripsissetestatus
700 2761 765 2836 est,
799 2752 1012 2817 christianum
1042 2753 1126 2836 fere,
1156 2776 1220 2818 non
1248 2752 1477 2840 philosophum
1505 2776 1577 2819 sese
1604 2756 1718 2838 gessit,

270 2870 334 2933 quo
358 2847 480 2913 factum
503 2844 562 2934 est,
585 2861 622 2916 ut
643 2875 768 2916 summa
790 2852 879 2939 apud
901 2853 1098 2939 byzantinos
1122 2859 1296 2942 scriptores
1313 2864 1346 2919 et
1359 2854 1504 2922 melodos
1526 2857 1720 2920 auctoritate

269 2949 403 3014 valeret.
447 2950 499 3015 De
521 2951 658 3038 Synesio
681 2955 767 3018 enim
790 2966 887 3042 poeta
908 2955 1009 3020 altum
1035 2955 1216 3041 silentium,
1245 2977 1304 3023 nec
1327 2956 1446 3022 Suidas
1468 2956 1718 3044 lexicographus

271 3059 307 3114 ut
338 3051 500 3116 orationes
533 3056 603 3120 eius
635 3065 668 3121 et
701 3055 872 3142 epistolas,
906 3057 953 3122 ita
985 3057 1122 3145 hymnos
1155 3081 1283 3146 quoque
1309 3060 1490 3142 recensuit3
1524 3059 1719 3143 Gregorium

270 3173 430 3215 summum
462 3154 584 3242 ubique
616 3156 803 3243 theologum
836 3168 985 3243 strepunt
1017 3169 1049 3224 et
1081 3159 1297 3244 praeelamm,
1336 3183 1432 3248 quem
1468 3160 1718 3243 aemularentur,

268 3263 377 3318 vatem
394 3255 594 3340 praedicant.
631 3257 787 3345 Inprimis
803 3259 937 3326 Cosmas
953 3259 1282 3348 Hierosolymitauus,
1306 3262 1536 3329 celeberrimus
1558 3284 1717 3328 canonum

269 3365 301 3419 et
322 3355 514 3422 triodiorum
537 3368 642 3446 poeta,
666 3363 812 3426 carmina
834 3362 902 3427 eius
926 3361 1041 3426 divina
1061 3362 1287 3429 admirabatur
1308 3387 1484 3452 eorumque
1499 3365 1718 3450 amplissimos

267 3460 516 3524 commentarios
544 3464 756 3550 conscripsit,
785 3485 866 3551 quos
893 3486 998 3550 nuper
1024 3465 1112 3551 Aug.
1135 3465 1241 3530 Maius
1263 3468 1295 3531 in
1319 3465 1431 3554 Spicil.
1456 3467 1548 3532 Rom.
1571 3477 1659 3532 tomo
1682 3466 1716 3530 Il

268 3560 302 3622 in
324 3557 427 3624 lucem
451 3560 563 3627 edidit.
600 3563 723 3627 Verum
746 3554 932 3631 enimvero
955 3565 1042 3631 idem
1058 3567 1237 3652 Gregorius
1259 3569 1441 3655 episcopus,
1463 3590 1536 3633 cum
1552 3568 1715 3633 rhetorum

268 3670 300 3724 et
322 3660 587 3748 philosophorum
611 3664 738 3730 scholas
753 3665 969 3732 Alexandriae
984 3680 1017 3734 et
1031 3669 1170 3733 Athenis
1186 3671 1426 3755 frequentasset
1448 3679 1481 3733 et
1503 3670 1717 3754 grammatica

267 3761 441 3848 disciplina
463 3762 715 3848 diligentissime
737 3767 905 3832 institutus
929 3779 1027 3851 esset,
1050 3770 1230 3857 perpolitae
1252 3771 1409 3836 orationis
1432 3780 1465 3834 et
1486 3768 1620 3836 limatae
1635 3772 1715 3836 artis

267 3861 525 3929 studiosissimus
556 3867 695 3932 exstitit.
739 3867 829 3948 Quin
857 3869 938 3934 adeo
965 3870 1115 3937 nonnihil
1142 3895 1184 3937 ex
1213 3872 1381 3938 sententiis
1408 3871 1715 3958 veterumphiloso·

266 3965 403 4051 phorum
427 3975 459 4030 et
481 3967 586 4052 ipsum
609 3968 767 4051 hausisse,
791 3974 1089 4057 praestantissimus
1104 3974 1212 4062 Δϋμνοε
1235 3975 1279 4041 εἰ(
1301 3974 1386 4053 θεόν,
1402 3973 1458 4059 qui
1480 3984 1530 4039 est
1552 3974 1714 4040 secundus

265 4068 299 4131 in
322 4065 383 4130 hac
405 4067 604 4153 anthologia,
628 4069 867 4158 declaratquo
889 4095 1008 4138 numen
1031 4074 1197 4157 divinum,
1225 4065 1368 4140 omnium
1389 4097 1497 4140 rerum
1518 4076 1715 4163 principium

266 4178 299 4232 et
321 4169 459 4248 exitum,
483 4169 587 4256 quod,
610 4195 685 4236 cum
707 4175 816 4238 omnia
836 4175 1100 4261 comprehendat,
1124 4177 1233 4242 omnia
1256 4186 1363 4241 tamen
1386 4187 1525 4264 superet,
1549 4177 1713 4244 sublimis-

266 4270 347 4333 sima
373 4271 518 4335 oratione
545 4271 737 4358 praedicans
761 4275 964 4342 Parmenidis
993 4287 1025 4342 et
1048 4277 1256 4364 Empedoclis
1284 4278 1468 4363 praeclaros
1497 4301 1612 4345 versus
1642 4279 1712 4344 feli-

264 4373 345 4437 citer
366 4371 547 4438 aemulatus
565 4384 629 4439 est.

350 4471 588 4541 Ecclesiasticis
618 4478 651 4540 in
679 4475 828 4545 coetibus
859 4479 1012 4566 Gregorii
1046 4503 1110 4545 non
1145 4483 1251 4567 magis
1280 4503 1377 4568 quam
1406 4483 1539 4568 Synesii
1567 4486 1713 4550 carmina

264 4595 417 4660 umquam
432 4576 465 4639 in
479 4599 541 4656 usu
556 4589 658 4644 crant.
694 4581 927 4668 Praeterquam
943 4585 1028 4647 enim
1045 4583 1131 4669 quod
1146 4583 1288 4648 Davidis
1303 4583 1435 4670 psalmis
1459 4594 1491 4650 et
1512 4588 1614 4650 sacris
1636 4609 1711 4652 can·

263 4675 337 4739 ticis
366 4699 426 4743 usu
455 4679 607 4746 diuturno
635 4692 734 4769 atque
762 4683 923 4768 dignitate
951 4695 1120 4750 auctorum
1146 4686 1280 4750 sancitis
1302 4688 1520 4752 recentiorum
1542 4697 1710 4773 poetarum

263 4778 409 4843 carmina
437 4783 585 4868 quamvis
615 4795 707 4850 casta
734 4794 767 4849 et
794 4783 976 4850 orthodoxa
1005 4798 1143 4870 gravate
1177 4787 1417 4871 admiscebant,
1453 4789 1606 4876 Gregorii
1635 4811 1709 4877 poe-
